2517 4100
794 342 801 349 .
888 288 1135 369 namt
1162 288 1256 350 11.·
1696 239 1700 251 ¹
1754 252 1903 347 '333-

150 454 153 457 ’
238 470 369 511 cere
396 452 469 513 de
495 457 630 515 vino
654 459 715 515 et
746 438 988 515 caeteris.
1072 432 1285 513 Privati
1327 453 1500 529 igitur
1525 454 1777 529 pretium
1805 468 1905 511 ac-

152 566 157 571 ³
238 537 537 613 cipiebant
574 541 897 617 antiquum,
926 535 1085 615 quod
1126 536 1450 613 superabat,
1480 532 1542 593 id
1577 532 1905 595 civitas'rc-

240 618 448 689 tineus,
476 623 705 698 copiam
733 624 813 679 ita
838 622 1216 699 pecuniarum
1244 619 1622 696 comparavit.-

324 784 703 857 Heracleotae‚
746 804 881 851 cum
928 804 1103 847 naves
1150 786 1486 861 ablegarent
1527 779 1915 861 quadraginta

244 865 509 925 adversus
535 878 813 943 tyrannos
844 871 904 925 in
930 868 1208 943 BosporO,
1231 886 1424 943 neque
1449 864 1698 942 pecunia
1725 864 1914 924 abun·
1943 930 1949 936 ,

246 947 471 1019 darent,
520 956 856 1007 coemerunt
904 948 941 1006 ὃ,
986 950 1404 1007 mercatoribus
1453 948 1810 1005 frumentum
1857 954 1918 1004 et

244 1030 437 1089 oleum
462 1040 525 1088 et
548 1032 746 1090 vinum
762 1038 832 1089 'et
857 1050 947 1089 res
974 1032 1115 1089 alias
1142 1032 1374 1089 venales
1397 1030 1721 1088 'universas
1807 1030 1918 1087 At-

214 1130 361 1189 -que
402 1115 717 1172 constituto
758 1120 873 1171 te
878 1120 1021 1191 pore
1062 1134 1179 1191 quo
1214 1115 1467 1191 pretium
1508 1111 1920 1189 persolveretiir

213 1220 219 1225 ·
246 1204 305 1249 et
334 1203 688 1270 oportunum
728 1204 851 1253 erat
890 1196 1343 1273 negotiatoribus
1365 1215 1487 1253 non
1519 1194 1594 1253 ad
1621 1196 1922 1253 heminam

176 1274 179 1281 ’
240 1294 463 1335 merces
504 1276 764 1347 distrahi,
794 1276 911 1349 sed·
926 1282 1117 1338 venire
1159 1278 1330 1338 simul
1369 1280 1680 1347 universas,
1707 1284 1767 1334 et
1807 1277 1919 1352 ipsi

246 1364 382 1415 cum
410 1352 791 1436 persolverent
816 1368 921 1439 pe'r
947 1366 1438 1439 opportunitatem
1479 1380 1595 1417 non
1625 1358 1920 1437 stipendia

247 1438 630 1513 devehebant,
660 1442 765 1501 sed
787 1464 879 1503 res
902 1446 1131 1503 venales
1174 1447 1234 1503 in
1274 1444 1548 1501 onerariis
1587 1441 1827 1500 navibus
1858 1448 1919 1497 et
1975 1501 1982 1506 ,

247 1533 591 1607 quaestorem
640 1545 820 1583 unum
870 1528 1121 1603 singulis
1154 1525 1565 1605 praeficiebant.
1652 1522 1934 1599 Cumque·

236 1605 365 1677 jam
408 1606 470 1665 in
510 1616 721 1666 terram
768 1608 1023 1667 hostium
1060 1619 1296 1668 ventum
1341 1619 1504 1677 esset,
1531 1606 1802 1665 emebant
1841 1604 1917 1661 ‘a'b

244 1685 337 1743 his
372 1691 569 1747 omnia
607 1692 833 1762 militeS,
864 1702 925 1751 et
962 1704 1266 1769 argentum
1303 1692 1618 1751 collectum
1657 1690 1786 1758 fuit,
1816 1686 1920 1745 sti-

242 1769 641 1850 pendiumque
674 1774 965 1834 solverunt
991 1774 1296 1833 ductores.
1341 1786 1399 1832 et
1440 1779 1522 1831 ita
1560 1775 1825 1849 contigit,
1853 1777 1924 1827 ut

242 1848 401 1911 idem
430 1852 663 1913 daretur
688 1867 1010 1941 argentum,
1038 1858 1225 1915 donec
1254 1858 1494 1914 domum
1519 1854 1803 1913 redirent.-

1050 1946 1107 1998 9.

332 2016 780 2087 Lacedaemonii,
810 2038 945 2078 cum
988 2021 1167 2080 Samii
1216 2020 1290 2096 ab
1339 2022 1480 2098 ipsis
1526 2027 1808 2098 peterent,
1855 2028 1924 2078 ut
2017 2004 2022 2016 ¹

248 2101 529 2174 pecunias
568 2102 678 2160 sibi
712 2103 1039 2176 conferrent
1062 2105 1484 2180 recuperaturis
1509 2107 1780 2180 patriam,
1807 2103 1926 2160 sci-

248 2186 375 2240 tum
396 2181 689 2243 fecerunt.
735 2205 855 2244 uno
881 2184 975 2243 die
1003 2185 1212 2244 debere
1254 2196 1316 2244 et
1343 2186 1610 2245 dominos
1651 2194 1710 2242 et
1749 2184 1922 2245 fami-

242 2259 387 2322 liam
426 2275 486 2325 et
516 2267 788 2340 jumenta
816 2269 1099 2343 jejunare,
1126 2279 1187 2327 et
1222 2281 1510 2346 quantum
1552 2268 1923 2335 insumsisset,

248 2345 294 2402 si
325 2342 443 2406 non
461 2349 840 2422 Jejunaretur,
870 2354 1113 2430 quisque
1140 2362 1372 2410 tantum
1401 2351 1652 2408 tribuere
1681 2351 1906 2410 Samiis·

876 2452 880 2460 ·
1000 2442 1133 2486 ·.10

314 2513 838 2583 carthaginienses
879 2527 1015 2567 cum
1054 2511 1309 2566 militum
1351 2508 1508 2584 apud
1547 2512 1699 2585 ipsos
1734 2520 1922 2568 exter-

244 2565 457 2650 norum
492 2589 805 2652 multitudo
841 2600 1121 2648 cresceret
1161 2610 1270 2648 nec
1309 2591 1592 2648 haberent
1618 2590 1776 2648 unde
1817 2594 1920 2650 sti-

245 2671 469 2750 pendia-
502 2673 583 2728 eis
622 2671 1028 2748 persolverent,
1066 2675 1424 2748 praeconium
1467 2673 1682 2730 factum
1721 2681 1826 2741 est,
1867 2675 1918 2731 si

226 2757 379 2832 ⁸quis
419 2755 632 2812 civium
673 2754 1064 2812 incolarumve
1096 2755 1194 2827 jus
1233 2755 1474 2812 haberet
1515 2754 1918 2831 prehendendi

180 2849 186 2854 '
240 2838 329 2896 vel
380 2839 671 2895 civitatem
719 2837 805 2894 vel
852 2838 1137 2912 privatum
1184 2839 1540 2915 quempiam,
1584 2840 1699 2893 sive
1745 2837 1920 2895 vellet

242 2917 623 2996 prehendere,
682 2927 746 2974 ut
803 2919 1180 2996 profiteretur.
1264 2917 1668 2976 Profitentibus
1722 2927 1912 2990 autem

242 3001 564 3078 permultiS‚
588 3002 815 3075 navigia
850 3000 1262 3060 contendentia
1304 3003 1364 3059 in
1394 3001 1642 3057 Pontum
1677 2997 1914 3078 diripie-

242 3083 405 3154 bant,
454 3081 819 3162 probabilem
870 3084 1126 3160 aliquam
1180 3101 1414 3142 causam
1467 3081 1913 3159 praetendenteS,

245 3176 510 3242 tempore
548 3163 785 3240 quidem
826 3167 1131 3242 praefinito,
1158 3185 1278 3242 quo
1305 3165 1380 3222 de
1410 3166 1500 3223 his
1526 3183 1760 3224 causam
1787 3165 1913 3224 dic,-

246 3258 403 3312 turos
440 3268 523 3312 se
542 3265 663 3304 esse
706 3249 1075 3307 affirmarent.
1162 3250 1348 3324 Copia
1376 3246 1528 3306 vero
1523 3258 1672 3306 tunc
1697 3266 1914 3324 magna

244 3332 515 3408 pecuniae
543 3345 715 3393 cum
728 3333 1016 3392 extitisset
1052 3341 1111 3388 et
1148 3332 1364 3390 milites
1399 3331 1530 3389 illos
1553 3329 1913 3396 dimiserunt,

244 3423 307 3470 et
334 3411 407 3470 de
432 3411 952 3487 comprehensione
988 3411 1405 3508 disceptarunt.
1489 3413 1562 3470 Et
1587 3410 1794 3488 quibus
1821 3409 1914 3466 di-

246 3497 513 3575 raptione
538 3503 687 3562 esset
708 3493 861 3575 facta
894 3497 1121 3571 injuria,
1150 3497 1240 3556 iis
1236 3495 1320 3556 de
1347 3493 1722 3574 vectigalibus
1749 3492 1914 3551 satis*

242 3576 494 3652 iaciebat
520 3577 772 3642 civitas,
1647 3599 1654 3610 ¹
1851 3599 1866 3606 ·
