2517 4100
913 225 1162 362 Lmen
1195 279 1241 339 1.
1540 350 1543 355 ,
1828 285 1904 338 2⁵

218 429 393 488 liores
441 429 496 500 A„
521 431 950 508 potentioribus
989 434 1419 488 coercerentur.
1512 426 1589 484 Et
1628 425 1905 486 Solonion

221 511 390 568 Prov.
433 519 526 569 12.
555 531 689 588 cap.
711 531 766 590 v.
798 519 898 570 24.
947 514 1168 570 Manus
1195 509 1437 568 sortium
1476 507 1903 566 dominabitur:

217 593 560 666 ignavorum
587 604 780 652 autem
804 592 1036 651 tributis
1061 593 1287 650 serviet.
1372 588 1495 647 Sed
1532 592 1631 664 qui
1665 591 1905 654 victores

215 681 354 730 sunt
381 675 446 734 in
471 675 630 732 bello
651 676 693 732 ii
721 665 1074 750 potentiores
1103 683 1240 731 sunt
1268 672 1457 732 vietis.
1534 667 1693 747 Erga
1722 675 1903 728 victo·

215 755 378 812 ribus
387 758 522 830 jure
551 753 795 816 debetur
824 757 1136 831 imperium
1173 757 1236 811 in
1274 755 1453 810 victos
1478 771 1505 810 t.
1535 759 1595 808 et
1618 771 1727 828 per
1752 769 1897 809 con·

213 853 486 910 sequens,
515 837 564 892 si
591 855 792 895 eorum
817 835 1148 896 dominium
1173 843 1263 892 est
1286 835 1535 906 Justum,
1560 836 1737 892 etiam
1766 833 1899 892 Ser-

213 915 368 974 vitus
393 919 550 975 bello
578 919 861 994 acquisita
889 919 1000 974 erit
1013 918 1188 990 justa.

302 998 568 1058 Tertium
603 1005 1014 1075 argumentum
1057 999 1305 1059 sumitur
1350 1016 1421 1056 ex
1462 997 1597 1056 loco
1624 992 1895 1067 Adjunc-

214 1087 432 1140 torum.
521 1080 697 1140 Quod
742 1079 968 1154 iegibus
995 1089 1082 1138 est
1123 1081 1525 1148 constitutum,
1552 1091 1612 1136 et
1651 1095 1769 1134 usu.
1800 1096 1893 1134 re-

214 1170 476 1234 ceptum,
516 1159 580 1221 id
623 1171 730 1225 est,
760 1163 1020 1232 justum:
1080 1179 1218 1221 nam
1265 1162 1361 1220 lex
1402 1161 1551 1218 nihil
1589 1157 1747 1216 aliud
1786 1168 1892 1228 est,

214 1239 394 1316 quam
415 1243 514 1313 jus
541 1244 848 1319 scriptum.
928 1241 1043 1300 Vel
1086 1251 1151 1299 ut
1193 1242 1307 1301 hoc
1352 1243 1487 1300 loco
1514 1241 1722 1300 habet:
1772 1240 1894 1298 Lex

213 1331 304 1378 est
325 1317 598 1398 ἆμλογξόὶ,
625 1324 690 1382 id·
707 1332 814 1388 est,
843 1340 1177 1392 consensus,
1203 1342 1305 1382 seu
1332 1333 1589 1399 pactum.
1642 1322 1737 1378 Et
1764 1322 1893 1381 Cic.

214 1402 438 1476 Legem
467 1413 692 1464 naturae
725 1405 998 1460 nominat
1030 1421 1377 1470 consensum
1408 1405 1675 1462 omnium
1699 1401 1891 1484 hqmi·

214 1501 384 1542 num.
469 1482 581 1540 Sed
599 1483 808 1543 bellica
836 1483 1090 1542 Servitus
1105 1484 1337 1560 legibus
1360 1497 1445 1540 est
1472 1481 1887 1558 comprobata:

213 1560 372 1640 Erga
411 1561 618 1622 bellica
645 1567 884 1624 servitus
911 1573 998 1622 est
1033 1565 1210 1638 justa.
1280 1566 1485 1625 Minor
1512 1565 1793 1640 probatur
1816 1582 1891 1622 ex

210 1645 318 1703 lib.
348 1653 406 1711 2.
457 1645 650 1705 Instit.
671 1649 765 1704 tit.
807 1653 856 1704 1.
883 1663 1116 1721 paragr.
1157 1653 1250 1704 12.
1294 1645 1401 1704 ubi>
1444 1648 1527 1705 sic
1574 1644 1885 1703 scribitur:

211 1726 300 1783 Ea
346 1745 482 1802 quae
509 1745 582 1784 ex
607 1727 866 1786 hostibus
907 1730 1189 1802 capimus,
1219 1729 1355 1802 jure
1396 1729 1658 1800 gentium
1688 1727 1885 1794 statim

212 1816 410 1866 nostra
451 1807 636 1868 fiunt:
684 1805 828 1888 aden
855 1807 1113 1882 quidem,
1141 1820 1208 1866 ut
1231 1821 1295 1866 et.
1319 1808 1486 1868 liberi
1528 1809 1795 1868 homines
1821 1809 1882 1867 in

209 1890 542 1947 servitutem
568 1897 823 1949 nostram
845 1887 1230 1948 deducantur.

260 1970 544 2026 Quomodo
561 1969 854 2045 probatur,
879 1970 1026 2046 qudd
1045 1971 1154 2028 Iaoec
1171 1971 1403 2030 servitus
1427 1988 1538 2026 uon
1557 1971 1793 2044 eitjmta
1814 1974 1847 2027 ?·
1864 2015 1887 2020 -

297 2051 539 2108 Duobus
594 2047 985 2128 argumentis:
1039 2070 1287 2127 quorum
1339 2051 1593 2127 primum
1638 2054 1883 2112 sumitur

212 2127 252 2184 a
275 2148 450 2189 causa
477 2132 785 2193 efficiente.
847 2132 1213 2200 Dominium,
1239 2130 1397 2211 quod
1425 2150 1533 2208 per
1558 2132 1742 2191 solam
1763 2139 1882 2193 vim

211 2219 302 2267 est
329 2214 698 2288 acquisitum,
724 2212 786 2272 id
813 2232 930 2271 non
959 2223 1045 2271 est
1061 2215 1305 2287 justum.
1391 2212 1583 2280 Ratio,
1615 2215 1753 2290 quia
1782 2234 1879 2273 ve·-

211 2308 347 2349 rum
375 2292 702 2353 dominium
733 2296 840 2351 niti
871 2293 1044 2353 debet
1067 2294 1469 2354 benevolentia
1496 2305 1553 2352 et
1580 2296 1878 2355 voluntate

210 2390 434 2441 eorum,
463 2376 564 2450 qui
594 2394 652 2433 se
693 2372 845 2433 uiti-‹⁸›
871 2378 1121 2453 propriae
1145 2396 1265 2437 suoe
1302 2376 1499 2437 salutis
1527 2385 1587 2439 et
1615 2378 1881 2451 utilitatis

207 2470 388 2511 causa
414 2455 544 2511 aliis
570 2456 952 2529 subjecerunt.
1037 2452 1152 2525 Sed
1187 2458 1513 2519 dominium
1540 2453 1697 2535 quod
1726 2456 1879 2518 bello

206 2544 298 2591 est
315 2536 678 2611 acquisitum.
693 2546 778 2595 est
799 2536 1136 2609 violentum.
1175 2594 1183 2601 ,
1211 2540 1370 2597 Nam.
1390 2541 1449 2597 in
1492 2539 1647 2597 bello
1676 2543 1875 2600 omnia

209 2615 262 2669 vi
305 2623 377 2675 et.
414 2619 588 2700 armis
625 2626 930 2691 geruntur.
1011 2617 1165 2695 Erg6
1206 2622 1321 2679 tale
1378 2620 1704 2679 dominium
1755 2640 1877 2680 non

207 2705 299 2751 est
311 2696 566 2767 justum:
598 2707 658 2756 et
683 2717 791 2774 per
821 2715 1182 2777 consequens
1197 2704 1377 2773 etiam
1397 2704 1637 2761 servitus
1670 2700 1877 2759 bellica

209 2793 340 2833 non
361 2786 448 2833 est
462 2778 633 2849 justa.
866 2788 869 2791 “

575 2860 733 2919 Quod
758 2874 836 2919 est
863 2862 1092 2925 alterum
1117 2873 1487 2932 argumentum
1509 2864 1539 2915 ?

295 2936 564 3017 Alterum
594 2952 999 3015 argumentum
1033 2946 1278 3001 sumitur
1302 2961 1376 3001 ex
1401 2942 1876 3019 repugnantibus.

213 3018 370 3076 Quia
417 3022 477 3076 in
523 3024 790 3080 servitute
835 3024 1048 3079 bellica
1089 3020 1277 3080 multa
1323 3023 1479 3101 saepe
1504 3029 1873 3099 contingunt,

209 3114 346 3172 quae
375 3100 620 3171 justitiae
665 3113 726 3161 et
767 3106 1028 3179 oequitati
1069 3115 1423 3180 repugnant.
1513 3106 1747 3183 Etenim
1792 3109 1875 3165 sic

207 3178 336 3235 fieri
368 3192 572 3255 potest,
597 3192 663 3239 ut
683 3186 744 3265 in
762 3182 918 3242 'bello
939 3184 1016 3242 ab
1035 3185 1299 3245 hostibus
1324 3185 1604 3253 barbaris,
1634 3190 1873 3263 agresti-

205 3258 338 3328 bus,
365 3271 426 3319 et
462 3264 753 3325 sceleratis
791 3265 1100 3342 capiantur
1140 3268 1241 3325 viri
1288 3267 1551 3339 illustres,
1588 3272 1875 3345 generosi,

205 3340 453 3411 nobiles,
481 3346 803 3416 virtutibuS,
832 3346 1160 3407 eruditione
1199 3360 1258 3405 et
1288 3350 1398 3407 illis
1416 3349 1605 3409 animi
1636 3346 1870 3410 dotibus
1910 3388 1915 3393 ·
1978 3396 1985 3401 -
2028 3362 2070 3394 ³*

202 3423 589 3490 excellentes:
637 3446 780 3504 quos
817 3426 1076 3505 profect&
1103 3431 1371 3506 iniquum
1401 3444 1581 3507 esset.
1613 3444 1673 3489 et
1714 3430 1870 3501 &rra-

205 3503 368 3571 tione
398 3506 677 3578 alienum,
725 3528 952 3589 cogere,
995 3519 1064 3572 ut
1107 3512 1371 3576 barbaris
1417 3512 1533 3573 illis
1574 3521 1634 3573 et
1674 3511 1870 3589 impiis

1064 3608 1106 3649 n
