2517 4100
629 266 765 348 ³36
1112 274 1810 343 (ΕοοΝοΜιοοιιιιΜ

624 454 774 513 rent,
800 442 1246 505 commodarent
1273 443 1336 503 id
1359 443 1692 521 reipublice
1719 462 1855 502 cum
1893 442 2143 503 foenorez
2185 458 2298 523 ex·-

624 530 747 586 istit
772 538 971 587 autem
998 528 1095 586 hic
1108 527 1387 595 fructus
1374 548 1432 585 ιιι
1461 527 1702 602 regione
1736 528 1966 585 illorum
1991 529 2289 611 copiosus.

626 608 779 669 Cum
804 612 981 686 igitur
1004 615 1085 669 ita
1106 608 1574 669 commodaretur
1600 611 1794 667 oleum
1835 608 2139 669 conductis
2179 624 2292 665 na-

623 694 793 769 vigiis
816 692 1175 754 evehendum
1212 689 1357 750 illud
1393 693 1451 749 in
1495 710 1566 749 ea
1591 693 1721 751 loca
1745 690 2038 761 curarunt,
2068 694 2128 749 in
2155 690 2290 766 qui·

624 774 735 833 bus
756 773 882 834 fora
906 774 1336 841 exercebantur,
1363 772 1520 831 unde
1544 774 1902 833 frmnentum
1937 776 2075 861 ipsis
2112 772 2287 830 adve-

621 859 717 915 nit
741 858 981 935 pignore
1006 856 1143 913 dato
1170 856 1284 913 olei
1321 858 1527 932 pretio.
1612 854 1904 913 Militibus
1943 872 2079 912 cum
2105 853 2286 911 debe-

552 970 561 977 =
620 949 757 997 rent
778 938 1051 1017 stipendii
1080 940 1318 997 nomine
1345 939 1551 1015 viginti
1575 938 1824 995 talenta·
1817 936 2216 1015 (quadringen
2226 946 2286 1019 ta

621 1028 686 1080 et
708 1024 1004 1100 octoginta
1030 1021 1312 1092 sestertia)
1347 1039 1534 1096 neque
1573 1021 1808 1096 possent
1832 1018 2148 1087 dissolvere,
2175 1036 2284 1076 an·

621 1104 715 1161 nis
756 1105 995 1179 singulis
1034 1103 1222 1163 foenns
1260 1102 1598 1179 pendebant
1624 1101 1868 1161 ducibus
1894 1109 2171 1180 quaterna
2195 1110 2306 1159 ιιι--

620 1185 781 1246 lenta
820 1189 1102 1264 (sestertia
1139 1187 1456 1261 nonaginta
1494 1194 1554 1242 et
1591 1185 1736 1257 sex.)
1817 1186 1970 1246 Quia
2004 1182 2138 1243 'vero
2179 1184 2294 1241 hoc

619 1276 796 1344 pacto
838 1268 911 1327 de
952 1278 1101 1327 sorte
1157 1266 1307 1327 'nihil
1327 1266 1688 1336 -decedebat,
1729 1272 1789 1326 'et
1832 1276 2052 1325 sumtus
2098 1266 2294 1324 facere

619 1350 829 1409 frustra
855 1353 964 1428 ipsi
997 1350 1316 1427 pergebant
1339 1359 1745 1427 percusserunt
1771 1368 2016 1408 numum
2040 1349 2292 1409 ferreum

620 1430 695 1491 ad
723 1435 925 1511 viginti
954 1433 1306 1503 talentorum
1333 1452 1637 1501 summam.
1673 1460 1700 1470 ··
1721 1432 1892 1503 Hanc
1916 1432 2147 1491 ‘deinde
2179 1450 2292 1510 pe-
2317 1435 2322 1445 '

618 1518 853 1575 cuniam
880 1512 1102 1580 'dabant
1130 1516 1582 1595 opulentissimis
1620 1516 1964 1575 incivitate
1962 1535 2070 1593 pro
2095 1535 2167 1573 eo
2195 1520 2290 1572 at·-

620 1617 736 1673 que
762 1611 1217 1657 consentaneum
1246 1607 1370 1658 erat
1393 1600 1606 1675 cuique
1643 1607 1703 1657 et
1731 1597 2076 1677 tantundem
2103 1596 2176 1656 ab
2201 1598 2292 1653 eis

618 1681 982 1755 recipiebant
1018 1683 1260 1758 argenti.
1346 1680 1657 1745 Habebant
1693 1683 1867 1758 igitur
1893 1683 2098 1758 privati
2124 1676 2293 1757 quod

620 1761 691 1819 iis
716 1762 1083 1855 quotidianos
1112 1781 1245 1821 usus
1273 1762 1682 1840 impenderent
1715 1773 1776 1822 et
1801 1762 1998 1821 debito
2033 1760 2289 1843 liberata.

618 1843 731 1901 fuit
770 1844 987 1902 civitas.
1071 1843 1300 1907 Deinde
1343 1863 1416 1906 ex
1442 1846 1814 1922 proventibus
1841 1852 1902 1901 et
1923 1842 2112 1900 foenus
2137 1836 2292 1919 pen-

588 1938 593 1945 ·
620 1924 839 1985 debant
864 1926 983 1985 illis
1017 1937 1076 1985 et
1100 1926 1424 1995 dividendo
1453 1946 1684 2005 semper
1709 1946 1816 2005 pro
1835 1933 2004 2002 ‘parte
2031 1943 2132 1983 sua
2158 1926 2289 1983 cui·

619 2027 731 2088 que
758 2007 1197 2081 distribuebant,
1226 2028 1554 2150 numosque
1573 2010 1784 2072 ferreos
1811 2008 2186 2120 recipiebant

699 2174 1041 2252 Selybriani,
1073 2178 1131 2232 in
1174 2129 1582 2251 pecuniarum
1595 2177 1798 2252 inopia
1835 2194 1976 2234 cum
2002 2176 2096 2234 lex
2119 2183 2294 2243 esset,

617 2272 691 2312 ne
731 2256 1083 2314 frumentum
1122 2266 1542 2332 exportaretur,
1575 2256 1745 2314 famis
1787 2265 2069 2334 tempore,
2095 2267 2288 2315 vetere

615 2334 731 2408 illis
751 2331 1043 2390 frumento
1069 2337 1312 2407 reliquo,
1335 2338 1547 2390 scitum
1573 2336 1871 2397 fecerunt:
1915 2339 2139 2396 tradere
2160 2341 2286 2415 pri—

614 2426 777 2475 vatos
804 2413 1013 2474 debere
1040 2412 1330 2472 frumenta
1357 2429 1459 2470 sua
1485 2412 1822 2487 reipublicae
1843 2421 2030 2488 pretio
2055 2423 2288 2477 consti.

617 2508 765 2568 tuto,
812 2500 893 2556 sic
947 2505 1015 2555 ut
1062 2497 1304 2573 quisque
1361 2494 1634 2552 retineret
1681 2493 1788 2551 sibi
1837 2495 2062 2554 victum
2111 2502 2286 2558 unius

618 2584 775 2641 anni.
862 2579 1066 2640 Postea
1079 2575 1370 2638 evehendi
1395 2585 1750 2654 potestatem
1763 2575 2026 2640 fecerunt
2049 2581 2282 2652 volenti,

617 2666 931 2734 constituto
956 2664 1159 2742 pretio,
1189 2658 1350 2739 quod
1378 2676 1614 2736 aequum
1641 2656 1958 2719 videbatur.

1409 2749 1501 2801 18.
2201 2811 2212 2822 ‚

700 2827 998 2905 Abydeni,
1025 2826 1184 2905 quod
1211 2836 1364 2885 terra
1393 2826 1645 2902 ipsorum
1673 2844 1778 2903 per
1803 2825 2146 2888 seditionem
2186 2823 2276 2888 in*—

619 2910 778 2972 culta
816 2911 978 2980 esset,
1016 2929 1125 2968 nec
1166 2911 1481 2986 quicquam
1521 2909 1770 2986 amplius
1809 2910 2276 3006 impendentibus
2333 2965 2343 2972 .

618 2992 937 3069 inquilinis,
957 3001 1264 3080 propterea
1286 2989 1442 3067 quod
1465 2993 1642 3050 etiam
1662 3002 1784 3052 tum
1815 2994 1952 3070 ipsis
1980 2992 2274 3068 deberent,

618 3076 829 3138 scitum
868 3073 1159 3132 fecerunt:
1212 3075 1314 3151 qui
1362 3075 1671 3150 pecuniam
1718 3084 1980 3134 mutuam
2029 3061 2274 3136 dedisset

619 3151 883 3242 agricolis
909 3167 973 3212 ιιι
1000 3173 1145 3231 opus
1170 3157 1287 3212 ruri
1327 3153 1603 3227 facerent,
1631 3175 1766 3216 eum
1793 3160 2090 3235 percipere
2095 3156 2272 3220 fruc-

620 3243 719 3296 tus
738 3236 901 3296 natos
924 3236 1185 3313 primum
1204 3234 1432 3307 debere,-
1451 3247 1514 3296 et
1537 3248 1756 3298 ceteros
1781 3253 1852 3298 ea
1880 3240 2112 3302 demum
2141 3253 2270 3350 quae

619 3319 841 3396 reliqua
863 3317 1115 3379 fuissent.
1282 3333 1296 3340 ”

693 3485 1129 3561 Ephesiucum
1132 3485 1379 3570 pecunia
1398 3445 1740 3562 indigerent,
1763 3483 2024 3548 tulerunt
2045 3476 2261 3568 legeinx

598 3563 755 3624 ,Non
778 3567 971 3638 licere
1012 3575 1077 3626 ut
1108 3560 1379 3629 muliere·
1412 3582 1620 3628 aarum
1659 3580 1968 3645 gesrarmt,
1995 3567 2268 3649 quicquid
