2517 4100
516 286 527 293 '
624 284 750 350 ‚uo
778 295 789 300 ·
1114 278 1812 342 OECONOMICORUM

588 512 595 517 Ι
630 441 787 521 apud
815 444 963 503 illos.
1048 446 1163 507 Qui
1190 464 1326 503 cum
1356 444 1612 503 dicerent
1641 462 1700 501 se
1726 462 1847 501 non
1876 462 2044 520 posse
2071 448 2302 500 tantam

630 535 919 586 'summam
948 538 1241 605 praestare,
1267 538 1390 585 tum
1411 524 1542 586 vero
1569 525 1642 584 ab
1671 546 1742 585 eo
1771 527 2148 585 nihilominus
2175 534 2304 584 tra-

628 604 793 665 ducti
820 618 969 668 sunt.
1123 670 1133 685 ,
1211 673 1216 679 ,

714 688 877 749 Idem
927 711 1108 769 quum
1153 690 1448 770 quendam
1502 693 1764 761 misisset,
1811 701 1877 750 ut
1925 691 2035 749 sibi
2073 686 2308 747 venalia

632 771 902 849 quaedam
932 785 1167 842 emeret,
1194 776 1449 831 sentiens
1475 774 1639 828 illum
1671 790 2026 851 quamquam
2053 790 2124 829 ea
2155 786 2307 829 nac-

629 864 754 911 tum
796 864 927 929 quae
977 873 1156 930 parvo
1205 858 1393 931 pretio
1433 855 1711 925 venirent,
1752 854 1825 911 ad
1877 875 1936 911 se
1985 865 2181 914 tamen
2233 858 2306 909 ut

626 952 841 1009 magno
866 946 1062 1011 empta
1091 938 1399 995 relaturum
1430 934 1711 993 allocutus
1737 945 1824 993 est
1845 936 1999 994 illius
2027 933 2311 1011 emptoris

622 1026 794 1073 notos
832 1035 901 1073 ac
944 1017 1276 1088 familiareS,
1307 1017 1586 1077 audivisse
1624 1038 1683 1084 se
1725 1018 1887 1076 illum
1922 1014 2309 1076 immoderato

594 1110 606 1119 ·
625 1100 821 1175 pretio
847 1102 1050 1157 emisse
1078 1101 1234 1159 haud
1264 1112 1460 1159 tamen
1488 1100 1744 1159 futurum
1783 1110 1846 1158 ut
1873 1103 1996 1177 ipse
2039 1100 2308 1157 animum

630 1177 909 1251 advertat,
940 1185 1227 1260 simulque
1269 1183 1645 1242 stoliditatem
1675 1183 1828 1241 illius
1869 1202 2002 1241 cum
2047 1178 2309 1259 quadam

622 1264 997 1339 simulatione
1025 1268 1127 1324 irae
1156 1267 1547 1324 insectabatur
1574 1274 1744 1342 atque
1772 1264 2132 1341 objurgabat.
2213 1261 2314 1320 Illi

632 1355 825 1404 autem
880 1366 1058 1423 quum
1109 1349 1236 1407 haec
1285 1348 1650 1419 audivissent,
1699 1347 2140 1426 responderunt,
2183 1362 2310 1402 non

632 1437 899 1505 oportere
944 1430 1107 1489 illum
1154 1432 1241 1499 iis,
1286 1434 1388 1509 qui
1435 1430 1700 1489 adversus
1741 1433 1898 1490 hunc
1950 1426 2171 1506 aliquid
2213 1425 2310 1484 di-

634 1520 792 1579 cant,
820 1514 1071 1581 credere,
1100 1514 1440 1590 priusquam
1483 1516 1606 1590 ipse
1647 1513 1865 1583 redeat,
1908 1510 2312 1586 rationemque

634 1591 721 1651 illi
746 1593 969 1654 reddat.
1058 1598 1140 1653 lta
1170 1614 1353 1673 quum
1385 1608 1618 1674 emptor
1641 1596 1901 1656 rediisset
1930 1595 2312 1656 renunciave-

632 1683 773 1731 runt
798 1678 850 1733 ei
886 1678 1195 1738 familiares
1238 1680 1352 1748 sui,
1375 1698 1505 1759 quae
1545 1679 1583 1738 ὃ,
1625 1681 1935 1738 Cleomene
1979 1677 2307 1736 audierant.

635 1752 957 1817 Ille‘autem
989 1761 1129 1820 dum
1168 1772 1227 1819 et
1269 1763 1376 1819 illis
1414 1772 1472 1821 et
1514 1764 1812 1822 Cleomeni
1856 1780 2090 1838 operam
2132 1772 2308 1813 suam

636 1838 881 1914 probare
907 1844 1045 1909 vult,
1076 1848 1276 1917 quanti
1306 1845 1436 1900 vere
1460 1856 1685 1903 emerat
1701 1844 1999 1917 judicavit.
2183 1890 2186 1895 .
2211 1902 2216 1907 ,

556 1924 582 1947 “·
720 1919 904 1991 Idem,
948 1942 1130 2001 quum
1178 1924 1533 1985 frumentum
1583 1930 1641 1984 in
1699 1926 1794 1983 illa
1853 1924 2086 2000 regione
2139 1918 2312 1979 denis

632 2000 927 2065 drachmis
956 2010 1191 2077 veniret,
1221 2020 1566 2078 convocatos
1596 2008 1670 2068 ad
1697 2028 1754 2067 se
1785 2000 2032 2066 cultores
2061 2008 2309 2064 interro-

632 2089 789 2162 gavit
831 2095 1032 2166 quanti
1064 2091 1278 2150 vellent
1315 2095 1422 2152 sibi
1465 2111 1699 2170 operam
1736 2092 2175 2150 frumentariam
2212 2087 2307 2144 lo-

632 2185 785 2226 care.
871 2175 985 2234 Qui
1030 2186 1155 2234 tum
1199 2176 1638 2253 responderunt,
1667 2178 1906 2234 minoris
1933 2193 2110 2252 quam
2151 2171 2308 2228 soliti

632 2261 819 2308 essent
870 2259 1289 2314 mercatoribus
1331 2260 1592 2316 vendere.
1677 2261 1755 2316 At
1813 2259 1910 2316 ille
1955 2257 2128 2330 jussit
2174 2251 2308 2311 illos

630 2334 871 2405 quidem
912 2339 1021 2390 sibi
1066 2339 1663 2414 tantidem-praebere,
1695 2343 1897 2412 quanti
1939 2340 2066 2393 aliis
2093 2334 2310 2391 vende-

631 2422 783 2480 rent,
817 2415 943 2488 Ipse
987 2423 1173 2471 autem
1204 2411 1495 2468 frumento
1519 2413 1691 2466 binas
1726 2424 1784 2466 et
1812 2421 2064 2471 tricenas
2094 2413 2310 2472 drach-

633 2511 761 2552 mas
788 2498 1041 2571 pretium
1068 2495 1440 2558 constituenS,
1472 2493 1621 2548 tanti
1653 2492 1778 2548 aliis
1805 2490 2112 2550 vendebat.
2184 2565 2190 2574 ι

717 2575 879 2648 Idem
922 2575 1310 2635 sacerdotibus
1337 2577 1662 2633 convocatis
1693 2573 1872 2631 dixit:
1918 2585 1976 2631 et
2019 2573 2309 2635 immode-

632 2668 789 2717 ratos
816 2671 874 2717 et
901 2658 1103 2716 multos
1146 2659 1204 2714 in
1242 2675 1406 2714 sacra
1445 2676 1563 2715 suoe
1608 2659 1860 2733 ipsorum
1906 2661 2152 2733 regionis
2180 2658 2310 2718 fieri

636 2748 1211 2817 sumptus‚‘oportere
1256 2742 1430 2816 igitur
1471 2751 1526 2796 et
1579 2759 1650 2797 ex
1692 2742 1866 2796 sacris
1913 2741 2205 2809 nonnulla,
2241 2739 2309 2800 e't

634 2841 711 2881 ex
750 2823 1137 2882 sacerdotibus
1182 2843 1358 2898 quam
1405 2822 1677 2899 plurimos
1719 2822 1963 2891 dissolvi,
1994 2824 2142 2880 Tum
2173 2820 2308 2882 νει-ὂ

637 2907 748 2980 ipsi
792 2904 1111 2964 sacerdotes
1152 2910 1548 2964 existimantes
1590 2906 1700 2963 hoc
1747 2905 1900 2963 illum
1943 2904 2070 2962 vere
2117 2905 2306 2962 factu·-

635 3007 786 3053 rum,
829 3001 885 3044 et
930 2991 1194 3062 privatim
1238 2994 1482 3066 quisque
1525 2999 1581 3046 et
1626 2990 2015 3045 communiter
2060 2989 2306 3048 universi

638 3087 826 3126 sacras
870 3073 1164 3144 praebuere
1210 3075 1504 3146 pecunias,
1533 3089 1712 3147 quum
1760 3083 1817 3135 et
1859 3073 2100 3146 quisque
2136 3069 2308 3128 vellet

639 3168 805 3224 suum
848 3152 1004 3226 apud
1051 3172 1107 3208 se
1152 3172 1376 3210 sacrum
1424 3153 1717 3211 immobile
1760 3155 1983 3221 servari,
2023 3171 2128 3210 nec
2178 3152 2302 3229 ipse

639 3231 901 3289 sacerdos
928 3253 1048 3289 esse
1076 3233 1350 3292 desinere.

721 3398 1063 3456 Antimenes
1116 3396 1371 3455 Rhodius
1413 3323 1594 3477 gdum
1640 3397 1956 3457 Alexandri
2003 3395 2300 3458 itinerib‘us

640 3495 716 3533 ex
738 3478 979 3537 dimidia
1008 3489 1165 3556 parte
1194 3498 1315 3558 prae
1343 3489 1508 3553 esset,
1535 3483 1910 3560 pecuniarum
1937 3483 2167 3558 copiam
2189 3481 2298 3539 hoc

640 3558 819 3620 modo
844 3560 1000 3639 apud
1028 3561 1396 3642 Babylonem
1434 3565 1686 3624 invenit:
1732 3576 1890 3624 vetus
1920 3565 1984 3622 in
2014 3573 2161 3624 terra
2186 3563 2304 3622 Ba-
