2517 4100
884 237 1121 299 LIBER
1163 239 1243 301 11.
1404 251 1416 259 “
1801 246 1898 309 “88

220 384 425 443 minus
452 382 950 455 imminuerentur,
984 396 1083 446 aut
1108 385 1187 445 ad
1234 386 1380 447 alias
1423 386 1671 449 familias
1716 380 1904 453 trans-

221 463 528 530 ferrentur,
560 481 737 537 quam
753 470 1209 543 per-emptiones
1227 480 1286 525 et
1313 468 1688 531 venditiones.
1746 472 1900 533 Hinc

222 542 367 621 ergo
408 542 611 622 postea
650 559 957 607 consecuta
1007 558 1098 607 est
1131 551 1257 607 *ista
1311 552 1786 625 patrimoniorum
1826 565 1904 613 et

222 622 651 703 possessionum
691 642 979 703 αιυμαλιμ,
1010 630 1406 706 inoequalitas:
1451 644 1517 689 ut
1553 636 1734 710 aliqui
1765 635 1906 695 inde

222 707 593 765 efficerentur
640 706 927 775 ditissimi,
967 706 1164 787 aliquo
1212 706 1346 769 vero
1392 712 1786 790 redigerentur
1827 714 1906 775 ad

224 805 517 847 summam
547 798 972 866 paupertatem.

312 870 464 929 Quid
489 872 645 927 circa
661 870 950 935 liberorum
962 876 1402 947 procreationem
1428 875 1769 955 reprehendit
1791 875 1821 929 ?

310 950 611 1027 Lycurgus
653 949 845 1009 volens
892 971 1074 1011 suam·
1097 956 1388 1017 civitatem
1436 977 1541 1035 per
1586 956 1898 1017 liberorum
1914 949 2153 1017 “ra-nmo·

225 1034 699 1109 procreationem
743 1032 967 1091 efficere
1014 1036 1376 1112 populosam,
1405 1050 1472 1097 ut
1508 1047 1658 1097 esset
1684 1040 1894 1096 civium
1915 1034 2082 1103 τιοςθι
2104 1060 2198 1093 και

224 1130 473 1189 magnus
498 1130 807 1173 numerus:
851 1115 1038 1193 legem
1070 1116 1206 1177 tulit
1231 1128 1294 1175 ut
1337 1122 1438 1195 qui
1467 1130 1578 1179 tnes
1606 1116 1940 1197 genuisset}
1967 1140 2084 1194 σιςι
2106 1140 2196 1177 vno

224 1193 395 1263 filios,
418 1196 569 1255 liber
593 1205 742 1266 esset
778 1193 851 1255 ab
896 1197 1151 1255 excubiis
1176 1208 1236 1257 et
1258 1200 1524 1259 custodia
1552 1200 1708 1259 urbis
1731 1221 1746 1258 ε
1793 1199 1894 1277 qui
1913 1217 2174 1253 ventos-oo-

227 1270 363 1332 vero
388 1285 638 1355 quatuor
664 1283 764 1334 aut
788 1275 985 1353 plures
1010 1276 1155 1336 filios
1183 1282 1543 1357 suscepisset,
1562 1300 1793 1361 prorsus
1818 1282 1895 1339 ab
1914 1296 1990 1333 m
2013 1297 2170 1349 νομιοςο

226 1358 501 1417 omnibus
522 1357 771 1435 publicis
806 1358 1139 1417 muneribus
1185 1372 1247 1419 et
1287 1364 1556 1421 oneribus
1606 1371 1755 1421 esset
1781 1364 1896 1421 im-

226 1440 444 1497 munis.
530 1435 831 1505 Praeterea,
872 1448 943 1498 ut
983 1440 1326 1501 Plutarchus
1373 1443 1434 1501 in
1480 1446 1595 1505 vita
1647 1442 1900 1521 Lycurgi

227 1517 421 1587 refert,
466 1520 657 1596 legem
706 1520 876 1580 tulit:
928 1530 992 1579 ut
1036 1524 1279 1597 juvenes
1331 1524 1442 1582 illis
1495 1524 1748 1595 senibus,
1795 1526 1899 1600 qui

226 1600 459 1661 nullum
477 1605 661 1661 civem
700 1604 905 1677 patrioe
946 1606 1297 1679 genuissent,
1326 1624 1444 1665 non
1496 1604 1756 1687 debitum
1784 1604 1898 1663 ho-

228 1700 435 1740 norem
476 1682 829 1743 exhiberent.
915 1684 1044 1745 Hoc
1074 1686 1397 1745 institutum
1435 1686 1706 1767 Lycurgi,
1734 1688 1898 1745 Aris-

227 1763 431 1837 toteles
458 1763 849 1842 reprehendit,
868 1766 1007 1843 quia
1026 1768 1200 1825 etiam
1222 1765 1552 1828 adversatur
1580 1767 1899 1844 aequalitati

227 1844 709 1921 patrimoniorum
736 1855 798 1904 et
836 1847 1296 1922 possessionum:
1343 1867 1448 1925 per
1473 1866 1607 1927 quae
1634 1842 1899 1908 multitu-

229 1922 430 1985 dinem
456 1925 767 1987 liberorum
808 1944 1039 2005 quoque
1068 1928 1356 2001 imminui,
1384 1939 1446 1987 et
1482 1928 1560 1987 ad
1599 1928 1902 2005 inaequali-

229 2016 409 2086 tatem
438 2006 621 2084 redigi
643 2026 873 2068 necesse
896 2021 1016 2068 est:
1063 2010 1143 2066 ita
1176 2018 1240 2066 ut
1258 2029 1378 2070 non
1408 2010 1592 2071 solum
1615 2014 1904 2088 parentes,

229 2087 424 2148 verum
463 2093 641 2148 etiam
668 2091 922 2167 ipsorum
963 2090 1131 2150 liberi
1164 2089 1489 2149 efficiantur
1514 2109 1816 2170 pauperes,
1844 2103 1905 2151 et

232 2170 342 2228 hoc
370 2170 551 2230 modo
597 2173 797 2230 civitas
824 2171 1113 2250 repleatur
1138 2167 1336 2230 multis
1381 2173 1734 2251 pauperibus
1762 2173 1904 2234 civi-

229 2251 378 2310 bus:
424 2249 581 2329 quod
610 2271 727 2328 non
756 2253 938 2310 solum
980 2255 1268 2323 vitiosum,
1297 2253 1491 2315 verum
1529 2257 1707 2315 etiam
1744 2255 1902 2333 peri·

232 2335 497 2392 culosum
522 2348 619 2406 est,
640 2333 891 2411 Reipub.
1439 2363 1444 2370 ¹

276 2413 771 2474 QiaeAmtoceles
797 2417 985 2554 quinz
1015 2417 1145 2474 loco‘
1158 2418 1501 2494 reprehendas
1527 2421 1590 2476 in
1620 2418 1866 2495 Lycurgi

982 2500 1035 2554 ei
1070 2497 1158 2554 'ub-
1181 2499 1211 2553 ἓ
2107 2529 2116 2552 ι
2137 2546 2146 2564 ,

308 2573 795 2639 Distributionem
851 2516 1320 2656 Magisptratuum.
1433 2581 1588 2642 Nam
1644 2589 1759 2638 tres
1813 2595 2072 2643 ornam
2111 2609 2202 2660 μιν

233 2646 397 2716 dines
422 2659 539 2717 sive
578 2661 797 2736 species
822 2661 1123 2722 constituit
1158 2659 1621 2736 magistratuum.
1708 2661 2006 2722 Primam.
2034 2687 2112 2720 τοι

233 2741 434 2817 species
471 2739 779 2799 dicebatur
816 2752 1033 2819 ιφοςεια,
1061 2743 1362 2817 inspectio,
1390 2744 1493 2818 qui
1536 2742 1904 2816 magistratus
1917 2764 2036 2821 σεςρ
2070 2763 2161 2804 τη·

234 2821 535 2880 constabat
586 2840 660 2878 ex
712 2821 973 2898 quinque
1009 2821 1143 2884 viris
1194 2839 1271 2879 ex
1321 2821 1496 2898 plebe.
1527 2840 1634 2897 per
1687 2830 1902 2882 sortem
1919 2832 2162 2901 εφοςιιαν.

233 2899 447 2960 electis.
528 2901 725 2960 Altera
762 2904 965 2978 species
1003 2902 1115 2961 fuit
1152 2901 1182 2962 ἦ
1218 2925 1450 2980 yugsmae,
1492 2911 1758 2960 senatus:
1803 2904 1906 2980 qui

234 2983 535 3040 constabat
585 3001 659 3040 ex
712 2987 811 3040 28.
858 2983 1107 3050 senibus,
1148 3000 1221 3039 ex
1268 2985 1645 3060 optimatibus
1690 2983 1912 3044 electis.

242 3059 429 3121 Tertia
463 3066 665 3140 species
685 3060 797 3120 fuit
820 3063 849 3122 ἧ
875 3067 1139 3132 Bacca-m,
1178 3064 1339 3139 regia
1367 3073 1616 3142 potestas
1662 3062 1910 3126 duorum

235 3141 503 3204 videlicet
555 3161 916 3202 summorum
971 3146 1240 3213 virorum,
1287 3147 1385 3221 qui
1451 3145 1906 3214 nominabantur
2085 3144 2107 3173 ¹'

232 3225 483 3292 βασιλικ,
524 3236 584 3284 et
630 3224 990 3302 eligebantur
1031 3244 1105 3284 ex
1158 3222 1383 3284 duabus
1428 3229 1601 3308 certis
1652 3225 1906 3300 familiis,

237 3305 503 3366 Herculis
530 3307 830 3375 nimirum,
858 3315 923 3364 et·
946 3305 1318 3366 Aristodemi.

264 3387 269 3392 ’
546 3387 677 3446 Ωειω
696 3387 1036 3464 reprehendit
1060 3389 1213 3446 circa
1242 3391 1510 3472 εφοςιιαιὲ

256 3465 263 3472 ’
312 3467 613 3546 Quinque.
673 3467 971 3530 Primum:
1002 3467 1179 3531 Quod
1203 3467 1302 3532 hic
1331 3471 1725 3550 Magistratus,
1746 3470 1912 3544 cujus
