2517 4100
629 346 705 399 82
1185 328 1748 399 POLITICORUM

622 491 791 548 riosoe
833 489 893 545 in
922 488 1095 559 victu,
1118 492 1346 561 vestitu,
1373 498 1581 547 ornatu
1630 496 1690 547 et
1733 488 1958 547 caeteris
1984 486 2296 565 voluptati-

620 570 759 627 bus:
793 568 947 628 unde
971 570 1319 648 sequebatur
1342 574 1518 629 etiam
1542 572 1777 628 avaritia
1803 570 1859 627 in
1881 570 2297 646 conquirendis

622 650 835 727 opibus
856 662 915 709 et
937 654 1221 731 pecuniis,
1248 671 1382 730 quae
1427 661 1560 710 sunt
1587 651 1940 729 voluptatum
1977 652 2292 709 ministrae:

621 750 756 806 quae
780 736 917 789 vitia
946 736 1123 791 etiam
1153 733 1352 809 postea
1378 744 1748 809 pervaserunt
1787 734 1845 790 in
1885 750 2085 789 earum
2117 732 2294 789 mari-

620 822 729 881 toS,
761 816 886 889 (qui
918 836 1448 892 yvmmoxgarepnos,
1488 815 1600 871 hoc
1645 822 1750 879 est,
1793 812 2062 870 uxoribus
2089 811 2296 872 servie-

620 892 790 965 bant)
819 904 883 951 ut
910 893 1293 951 redderentur
1318 894 1537 964 molleS,
1561 894 1808 960 delicati,
1835 903 1895 950 et
1921 892 2294 952 effoeminati:

624 972 771 1032 adeo
824 983 887 1031 ut
932 973 1169 1032 tandem
1226 978 1522 1033 amiserint
1575 994 1710 1033 cum
1751 977 2013 1051 imperi0,
2064 990 2296 1031 omnem

623 1056 1044 1125 auctoritatem,
1092 1074 1271 1133 quam
1315 1056 1474 1130 apud
1504 1058 1760 1123 GraecOS‚
1802 1067 1862 1113 et
1908 1058 2048 1113 alias
2093 1063 2298 1131 gentes

620 1134 947 1215 habuerunt
995 1147 1053 1194 et
1102 1156 1296 1195 verum
1353 1136 1572 1194 factum
1623 1142 1696 1194 sit
1747 1138 2085 1205 oraculum,
2138 1132 2300 1214 quod

619 1218 837 1293 Apollo
887 1220 1027 1295 ipsis
1066 1216 1473 1293 responderat:
1530 1220 1798 1295 Spartam
1848 1218 2003 1275 nulla
2055 1216 2167 1274 alia
2215 1232 2298 1284 re,

622 1300 733 1356 nisi
790 1302 1027 1357 avaritia
1080 1301 1431 1375 perituram:
1497 1310 1563 1357 ut
1613 1298 1783 1355 refert
1833 1298 2038 1355 Cicero
2081 1298 2183 1359 lib,-
2237 1302 2298 1353 2.

626 1377 800 1437 offic·
852 1388 911 1436 et
970 1380 1310 1439 Plutarchus
1359 1381 1444 1438 in·
1477 1380 1797 1447 LaconiciS,
1835 1382 1864 1440 ἦ
1911 1371 2298 1456 ’φιλοχρηματιη

620 1468 870 1537 Draga-ar
892 1474 1010 1531 ολει,
1039 1474 1165 1519 σιλλο
1196 1456 1454 1518 δι’·ἶεὸὶν·
1518 1461 1665 1521 Quoe
1693 1461 1888 1517 omnia
1916 1458 2294 1516 adversaban-

624 1546 725 1595 tur
758 1558 937 1615 scopo
981 1542 1227 1616 Lycurgi
1254 1540 1599 1614 legislatoris
1628 1541 1918 1617 ipsorum:
1963 1538 2124 1608 cujus
2151 1552 2294 1592 con-

622 1618 818 1675 silium
888 1619 1095 1683 fuerat,
1150 1619 1327 1675 talem
1397 1617 1642 1677 formam
1703 1617 1970 1693 Reipubl.
2031 1621 2090 1691 in
2149 1613 2294 1672 urbe

621 1698 909 1771 Spartana
936 1698 1307 1763 constituere,
1331 1715 1440 1772 per
1465 1716 1641 1773 quam
1687 1706 1808 1755 tota
1851 1698 2052 1754 civitas
2099 1696 2292 1753 effice-

616 1786 779 1833 retur
803 1777 1027 1834 virtutis
1046 1774 1302 1833 studiosa
1331 1772 1394 1835 et‘
1411 1796 1517 1853 per
1531 1796 1893 1855 consequens
1914 1780 2092 1835 etiam
2105 1776 2295 1834 beata.

618 1854 770 1914 cum
818 1866 1011 1915 autem
1060 1856 1330 1915 mulieres
1383 1858 1706 1935 Spartanae,
1753 1878 1884 1935 quae
1931 1866 2067 1916 sunt
2109 1854 2330 1935 prope*

618 1936 862 1996 dimidia
894 1954 1029 2014 pars
1049 1938 1316 2006 civitatis,
1345 1939 1558 1997 talibus
1583 1940 1734 1997 vitiis
1761 1940 2128 1999 laborarent:
2171 1956 2294 1995 non

616 2020 812 2094 potuit
852 2028 976 2078 tota
1016 2020 1215 2077 civitas
1263 2028 1500 2102 propter
1538 2022 1763 2080 virtutis
1804 2020 2063 2080 studium
2097 2011 2294 2078 revera

617 2099 759 2158 felix
784 2119 856 2158 ex
888 2101 1059 2160 beata
1085 2099 1413 2178 praedlcarl.
1474 2114 1540 2160 Er
1579 2103 1723 2168 ὅσαις
1763 2116 2047 2165 centrum
2089 2114 2292 2174 φαυλυς

618 2203 733 2253 εχει
759 2203 817 2237 το
846 2205 963 2258 ung:
986 2205 1079 2244 ‘mc
1114 2205 1378 2252 γυναικις,
1401 2205 1458 2240 το
1493 2185 1652 2257 ἥμισυ
1677 2205 1765 2246 της
1789 2195 1982 2244 σολιως
2005 2199 2078 2241 era
2105 2198 2291 2250 ανομο·

614 2253 845 2318 θηητόν·
886 2262 1016 2320 Qua
1044 2263 1103 2317 in
1134 2261 1363 2334 Repub.
1396 2260 1470 2319 de
1497 2259 1830 2317 mulieribus
1857 2259 2012 2316 male
2035 2266 2123 2314 est
2145 2273 2294 2312 con-

618 2338 879 2395 stitutum
897 2341 1142 2398 civitatis
1166 2339 1475 2398 dimidium
1496 2355 1616 2398 non
1634 2338 1789 2398 recte
1803 2348 1891 2396 est
1909 2337 2092 2394 deseri
2100 2346 2290 2414 ptum.

622 2415 774 2476 Quid
810 2422 964 2478 circu
998 2451 1003 2459 ·
1002 2423 1466 2494 patrimoniorum
1505 2433 1560 2477 et
1591 2421 1980 2495 possessionum
2025 2415 2290 2475 distribu-

730 2539 757 2557 .
870 2503 1067 2558 tionem
1094 2502 1436 2576 reprehendit
1464 2503 1524 2558 in
1555 2501 1796 2576 Lycurgi
1815 2499 2020 2576 legibus
2041 2501 2072 2554 ,2

320 2580 476 2628 Mna-a
499 2596 603 2650 ’γῆς
704 2587 807 2641 Tm
854 2595 1160 2654 ινυμιλιαν,
1216 2581 1670 2658 inaequalitatem
1727 2581 2057 2638 bonorum:
2132 2574 2293 2654 quod

322 2655 799 2738 nmen-aliqui
832 2664 1004 2721 nimis
1048 2663 1277 2730 multoS,
1319 2664 1499 2739 aliqui
1544 2671 1735 2720 autem
1781 2661 2134 2728 nullos‚‘aut
2183 2656 2290 2716 ad·

318 2729 493 2791 θηται.

616 2743 861 2802 modum
890 2761 1107 2818 paucos
1132 2744 1420 2802 haberent
1447 2761 1655 2818 agros:
1707 2745 1786 2800 ita
1823 2750 1887 2799 ut
1931 2741 2110 2817 aliqui
2143 2741 2293 2798 vive-

614 2834 749 2884 rent
776 2825 837 2880 in
882 2843 1104 2881 summa
1144 2827 1419 2902 copia-et
1461 2824 1818 2883 abundantia
1856 2840 2070 2887 rerum,
2111 2819 2293 2896 aliqui

613 2901 775 2966 νετὸ,
802 2915 1061 2962 extrema
1119 2915 1522 2980 premerentur
1565 2913 1842 2981 egestate.
1953 2903 2079 2961 Etsi
2133 2903 2296 2958 enim

614 2985 918 3060 Lyeurgus
960 2985 1127 3042 initio
1154 3005 1319 3062 agros
1361 2988 1606 3044 civitatis
1635 2984 1939 3060 :equaliter
1963 2986 2116 3040 inter
2141 2983 2295 3040 cives

615 3081 751 3121 suos
779 3063 1197 3124 distribuisset:
1246 3076 1326 3124 et-
1348 3075 1415 3122 ut
1463 3069 1572 3122 ista
1608 3063 1911 3140 aequalitas
1959 3073 2292 3140 servaretur,

611 3145 744 3219 lege
774 3144 1175 3219 prohibuisset,
1206 3163 1280 3202 ne
1307 3148 1401 3203 cui
1443 3145 1644 3202 liceret
1676 3161 1842 3220 agros
1869 3163 2000 3202 suos
2025 3144 2293 3210 vendere,

614 3235 717 3282 aut
756 3225 831 3280 ab
855 3225 985 3280 aliis
1016 3243 1185 3300 agros
1224 3243 1453 3284 emere:
1499 3234 1694 3283 tamen
1741 3227 1880 3302 quia
1920 3229 2200 3302 permisit,
2227 3233 2294 3284 ut

612 3317 813 3382 posset
856 3304 1064 3380 aliquis
1114 3307 1276 3365 alteri
1306 3312 1532 3385 partem
1562 3307 1818 3382 aliquam
1845 3325 2080 3365 suorum
2127 3320 2291 3382 agro·

616 3405 746 3444 rum
776 3383 1012 3452 donare,
1042 3395 1108 3443 ut
1154 3388 1298 3446 filioe
1339 3387 1584 3446 nubenti
1635 3387 1788 3446 dotis
1833 3387 1964 3444 loco
2007 3385 2169 3454 dare,
2193 3393 2294 3442 aut

571 3470 793 3524 setiam
846 3475 1193 3525 testamento
1240 3471 1404 3528 alteri
1456 3469 1685 3546 legare:
1731 3466 1864 3526 ideo
1909 3467 2126 3526 factum
2183 3477 2290 3534 est,

615 3557 683 3608 ut
724 3567 831 3627 per
876 3549 1013 3608 istas
1064 3549 1408 3612 donationes
1452 3560 1514 3610 et
1559 3549 1740 3619 dotes,
1767 3549 2118 3627 patrimonia
2167 3563 2289 3608 non
