2517 4100
875 324 1115 385 LIBER
1154 324 1231 384 11.
1251 386 1257 391 ,
1765 332 1884 399 ‚339

226 488 359 547 bere
392 492 573 552 multa
613 498 820 549 nautas
862 510 1115 569 quoque,
1140 489 1502 567 praeconium
1530 486 1654 545 fieri
1673 489 1892 563 jussit:

166 575 171 581 “
224 580 291 628 ut
332 572 640 631 dimidium
684 592 881 632 eorum
922 592 1053 649 quae
1078 575 1326 650 quisque
1362 570 1700 643 abstulisset,
1729 571 1804 629 ad
1832 592 1893 630 se

224 652 545 724 referretur,
596 656 837 714 alterum
886 654 1193 713 dimidium
1246 655 1497 712 retinere
1544 669 1710 730 posse
1755 672 1896 713 eum

226 739 327 811 qui
356 738 715 797 abstulisset:
763 740 861 815 qui
892 758 1007 797 non
1035 737 1321 795 retulisset
1345 744 1404 793 et
1431 736 1633 795 mortis
1653 752 1898 811 poenam

221 823 539 895 proposuit.
619 821 896 877 Arbitrati
926 830 1119 877 autem
1148 822 1439 884 nautaefsi
1468 817 1777 877 dimidium
1803 835 1894 874 re·

189 896 195 905 ’
224 900 488 960 tulissent
515 900 638 961 tuto
679 921 737 958 se
778 911 1103 959 retenturos
1144 918 1263 956 esse
1293 899 1534 977 reliqua,
1551 898 1710 957 'illud
1738 910 1897 971 retu-

200 979 433 1042 ·lerunt.
521 985 602 1041 At
629 984 941 1061 Dionysius
966 984 1059 1041 his
1076 982 1342 1059 ⁴acceptis
1365 990 1560 1039 rursus
1587 979 1899 1041 dimidium

224 1080 319 1121 eos
349 1064 551 1122 afferre
570 1066 759 1137 jussit.

1014 1156 1112 1207 21.

296 1226 566 1287 'Mendaei
594 1230 896 1299 fructibus,
926 1250 1071 1308 quos
1098 1228 1408 1289 redderent
1435 1239 1636 1306 portus
1676 1239 1736 1288 et
1779 1222 1897 1289 alia

224 1312 546 1386 vectigalia,
581 1315 893 1371 utebantur
920 1312 995 1371 ad
1022 1315 1268 1372 civitatis
1297 1312 1896 1371 administrationem:

230 1390 331 1449 sed
369 1394 525 1469 quod
568 1414 641 1453 ex
682 1397 801 1455 solo
838 1407 897 1453 et
938 1395 1195 1455 aedificiis
1232 1398 1643 1473 perciperetur,
1675 1394 1746 1453 id·
1775 1414 1900 1452 non

228 1476 539 1552 exigebant
566 1490 738 1555 atque
772 1480 1009 1536 nomina
1054 1478 1281 1538 tantum
1319 1480 1734 1555 occupantium
1763 1496 1901 1554 per-

227 1557 597 1617 scribebant:
646 1564 765 1638 qui‚
799 1564 1023 1638 quoties
1055 1563 1272 1619 civitati
1303 1564 1552 1638 pecunia
1581 1580 1727 1636 opus
1753 1568 1899 1630 erat,

212 1641 625 1737 'persolvebant
654 1656 939 1721 quantum
967 1643 1301 1719 debebatur.

307 1720 511 1791 Iidem,
542 1728 601 1782 in
630 1727 787 1791 bello
826 1726 1091 1785 adversus
1131 1728 1446 1805 Olynthios
1487 1746 1619 1785 cnm
1650 1724 1903 1802 pecunia

224 1803 573 1881 indigerent,
602 1819 662 1866 et
697 1812 871 1887 copia
910 1812 1332 1887 mancipiorum
1375 1810 1756 1871 abundarent,
1786 1808 1904 1862 sci-

227 1896 353 1943 tum
388 1888 685 1946 fecerunt:
732 1903 797 1945 ut
833 1895 1225 1966 unusquisque
1263 1891 1380 1945 duo
1425 1888 1649 1945 tantum
1687 1888 1902 1944 retine-

226 1976 379 2033 rent,
420 1987 641 2028 marem
684 1980 742 2027 et
782 1971 1105 2037 foeminam,
1150 1972 1372 2050 reliqua
1416 1968 1728 2027 venderent
1767 1969 1906 2025 uni-

226 2050 407 2190 versas
435 2048 553 2128 quo
581 2053 815 2129 privatis
852 2064 998 2112 esset
1023 2057 1276 2133 pecunia
1319 2072 1496 2132 quam
1523 2055 1742 2112 civitati
1772 2070 1902 2111 mu-

227 2129 329 2192 tu&
399 2145 579 2192 arent.

1020 2229 1119 2281 22.

314 2301 675 2360 Callistratus
721 2302 783 2362 in
828 2303 1201 2372 Macedonia,
1244 2323 1422 2381 quum
1468 2306 1808 2380 portorium,
1853 2303 1900 2360 si
1997 2342 2001 2351 ·

229 2382 463 2459 quando
490 2385 729 2442 maximi
750 2385 998 2451 venibat,
1015 2389 1233 2443 vicenis
1258 2396 1363 2442 aut
1389 2387 1640 2457 amplius
1668 2386 1902 2442 talentis

228 2467 463 2530 veniret,
492 2466 703 2526 effecit,
734 2474 796 2515 ut
822 2463 942 2530 ejus
970 2476 1211 2516 summae
1242 2461 1488 2534 duplum
1526 2466 1897 2538 inveniretur.

228 2541 713 2602 Animadvertens
768 2542 927 2596 enim
984 2541 1173 2597 nullos
1230 2558 1486 2616 unquam
1545 2559 1736 2598 emere
1787 2545 1900 2603 nisi

231 2625 638 2700 opulentioreS,
694 2631 998 2697 propterea
1051 2619 1206 2699 quod
1258 2623 1524 2680 vicenum
1591 2623 1899 2684 talentores

230 2724 534 2784 sponsores
576 2703 713 2760 dare
757 2706 1058 2780 oportebat
1098 2707 1335 2761 maximi
1375 2723 1580 2762 census
1604 2708 1767 2774 viroS,
1796 2725 1902 2783 per

228 2807 561 2866 praeconem
590 2786 789 2853 edixit,
820 2795 881 2843 ut
910 2791 1010 2864 qui
1032 2788 1204 2844 vellet
1227 2796 1462 2854 emeret,
1485 2803 1900 2865 sponsoresque

228 2873 415 2929 tertiae
454 2872 630 2946 partis
670 2869 986 2942 exhiberet,
1016 2878 1115 2927 aut
1156 2871 1359 2948 quanti
1388 2872 1632 2966 quisque
1662 2885 1898 2947 persua-

233 2952 367 3012 dere
398 2955 558 3010 alteri
590 2961 798 3028 posset.

226 3111 246 3118 “
310 3120 649 3177 Timotheus
704 3117 1091 3185 Atheniensis,
1142 3135 1278 3176 cum
1339 3118 1557 3176 bellum
1626 3119 1894 3180 adversus

232 3201 546 3276 Olynthios
588 3210 830 3275 gereret.
874 3210 1225 3277 argentoque
1280 3200 1579 3278 indigeret,
1630 3221 1708 3259 aes
1757 3224 1894 3280 per-

228 3285 404 3340 cussit
428 3283 831 3359 distribuitque
863 3283 1158 3342 militibns.
1227 3284 1670 3362 Indignantibus
1698 3295 1893 3344 autem

230 3364 346 3422 illis
390 3365 691 3422 affirmavit
718 3377 773 3420 et
808 3377 1166 3436 mercatores,
1194 3377 1251 3424 et
1295 3373 1623 3445 quicunque
1669 3370 1727 3423 in
1763 3366 1892 3426 foro

232 3446 566 3511 venderent,
610 3445 809 3504 eadem
858 3451 1075 3504 ratione
1117 3448 1464 3517 vendituros,
1509 3451 1646 3527 ipsis
1695 3456 1893 3508 autem

228 3531 642 3588 mercatoribus
670 3529 959 3605 praedixit,
983 3533 1314 3608 quicunque
1344 3549 1558 3590 aereum
1587 3548 1892 3590 nummum

227 3613 561 3689 accepisset,
590 3610 803 3675 eodem,
830 3622 895 3671 ut
930 3631 1123 3670 rursus
1164 3633 1233 3672 ea
1262 3629 1394 3691 quae
1419 3615 1576 3690 regio
1597 3611 1771 3688 ferret
1797 3631 1890 3670 ve-

864 3761 871 3766 ,
970 3715 1008 3753 c·
1036 3715 1075 3774 g·
1104 3702 1141 3754 2
