2517 4100
1217 243 1340 316 viii

549 437 926 511 Politieam
1012 440 1397 540 collegerat
1482 443 1591 517 M.
1666 441 2106 539 Theophilus

438 552 693 627 Golius
721 554 1082 630 Professor
1102 558 1637 656 Argentinensis
1669 560 1940 637 eximiae
1969 558 2105 634 Vir

433 667 820 754 industriae,
887 669 1072 744 hanc
1133 682 1242 746 tot
1307 675 1635 750 faedatam
1691 676 1895 753 foedis
1956 676 2102 749 Im-

403 806 828 878 .pressorum
865 788 1241 877 erroribus„
1287 791 1582 890 singulis
1616 795 1939 890 profecto
1972 818 2102 890 pa·

430 901 638 996 gellis
691 927 834 974 non
880 907 1093 978 seme}
1130 907 1354 995 illitis,
1396 935 1668 982 summa
1711 934 2101 1008 perpurga-

427 1016 659 1089 vimus
714 1019 1080 1110 industria,
1142 1049 1387 1098 aureas
1449 1025 1849 1118 'Aristotelis
1915 1049 2099 1122 gno-

313 1138 328 1239 ζΙ
426 1157 574 1203 mas
635 1133 894 1208 Latino
953 1145 1026 1210 et
1086 1142 1350 1214 Graeco
1408 1139 1767 1227 idiomate,
1826 1148 1899 1213 et
1954 1166 2101 1214 non

424 1271 655 1343 pauca
699 1259 787 1324 ut
830 1253 1368 1343 animadvertes,
1407 1255 1855 1353 antiquitatis
1905 1255 2101 1331 testi-

423 1364 661 1435 monia
692 1367 1102 1454 evolvimus,
1137 1365 1551 1462 adjecimus,
1586 1378 1803 1460 atque
1836 1395 1924 1435 ne
1956 1388 2101 1459 qua

424 1489 626 1573 parte
649 1481 1010 1553 Praeticae
1033 1483 1512 1570 Philosophiae
1542 1480 1866 1568 Systema
1887 1483 2097 1551 Aris-

422 1600 776 1664 totelicum
826 1598 1237 1664 truncatum
1283 1593 1661 1678 videretur,
1715 1599 2099 1684 ἐςωτηματι-

425 1711 542 1785 udie:
575 1705 820 1778 eodem
869 1706 993 1777 filo
1033 1711 1656 1780 OEconomz‘corum
1688 1711 1905 1780 libros
1941 1733 2099 1803 per-

418 1820 903 1894 tractavimus.
1012 1822 1466 1895 Prudentiam
1528 1820 1605 1894 in
1665 1845 1809 1894 sese
1866 1823 2095 1920 majo-

418 1961 566 2009 rem
634 1937 899 2010 habent
957 1937 1034 2009 hi
1091 1938 1322 2012 fontes
1381 1936 1820 2011 Aristotelici
1880 1963 2095 2036 quam

419 2080 580 2153 quae
606 2055 818 2129 hodie
855 2082 1117 2154 magno
1146 2057 1569 2129 exhibentur
1598 2079 1892 2127 numero
1924 2055 2092 2128 inde

420 2194 544 2266 per
579 2172 864 2267 euripos
914 2174 1255 2269 quosdam
1310 2178 1719 2245 convocatae
1770 2167 2089 2244 cisteruae

417 2286 909 2381 temporariae3
977 2288 1052 2361 id
1109 2287 1256 2361 siue
1316 2292 1555 2359 nostro
1606 2283 1966 2380 praeconio
2016 2291 2090 2355 te

417 2424 586 2472 usus
621 2426 762 2474 non
804 2402 950 2475 sine
999 2404 1270 2477 foenore
1302 2399 1610 2485 docebit,
1646 2398 1902 2471 etenim
1940 2422 2083 2471 non

418 2516 633 2588 modo
667 2516 946 2591 dulcius
979 2515 1362 2590 secundum
1401 2517 1696 2593 Poe'tam
1727 2540 1741 2586 :
1804 2513 1923 2587 sed
1956 2526 2027 2589 et

649 2666 852 2727 Tutius
879 2686 953 2725 ex
980 2668 1104 2743 ipso
1127 2665 1287 2725 fonte
1315 2665 1599 2725 bibuntur
1627 2684 1816 2742 aquae.

418 2794 606 2870 Vive
637 2794 935 2905 feliciter
967 2802 1184 2891 atque
1213 2794 1325 2867 his
1353 2802 1550 2868 utere
1580 2803 1653 2867 et
1682 2797 1951 2867 fruere·
