2517 4100
824 308 1060 392 L1BER
1100 307 1267 371 vm.
1759 316 1877 370 299

203 472 283 531 ad
328 474 525 541 robur,
555 484 615 533 et-
656 472 731 531 ad
770 472 1157 532 valetudinem
1200 464 1528 550 corporum.
1609 474 1882 534 Excitant
1941 528 1950 531 -

204 576 269 617 n.
302 567 363 614 et
388 567 603 634 augent
630 558 877 615 calorem
906 560 1187 630 nativum,
1208 558 1414 629 juvant
1440 560 1882 617 concoctionem

205 648 270 695 et
312 638 693 714 digestionem
732 639 1032 703 ciborum·
1092 649 1448 696 consumunt
1489 651 1547 697 et
1587 641 1886 717 expellunt

205 721 439 779 vitiosos
466 722 769 779 humores,
817 722 1084 779 resistunt
1105 720 1435 797 putredini:
1453 724 1703 799 corpori
1733 742 1885 799 proe-

208 800 355 859 bent
384 803 962 871 vividumcalorem:
1000 814 1065 861 -et
1102 806 1270 878 plura
1314 803 1424 860 alia
1467 807 1526 861 in
1571 824 1628 863 se
1667 804 1890 861 habent

210 884 543 954 commoda,
580 886 652 942 de
701 886 909 961 quibus
958 889 1019 943 in
1070 884 1433 961 praecedente
1480 890 1673 964 capite
1713 889 1890 944 etiam

212 966 483 1043 quaedam
513 969 671 1025 dicta
697 968 947 1025 fuerunt.

365 1068 369 1075 ·
438 1052 559 1107 Quo
577 1056 747 1125 pacto
776 1053 949 1125 igetur
975 1050 1226 1105 utendum
1256 1062 1332 1105 est
1356 1052 1672 1107 exercitiis?

300 1126 445 1199 Tria,
466 1131 539 1188 de
568 1134 678 1187 bac
707 1152 768 1187 re
798 1132 871 1187 ab
902 1132 1205 1188 Aristotele
1236 1130 1541 1188 traduntur
1567 1140 1894 1209 praecepta:

142 1263 149 1267 .
220 1230 468 1289 quorum
511 1216 764 1289 primum
809 1216 1057 1289 pertinet
1100 1213 1172 1269 ad
1216 1225 1534 1289 postremos
1577 1234 1762 1273 annos
1791 1235 1898 1295 pu-
1975 1208 1984 1215 ⁸

221 1296 423 1363 eritiae,
448 1314 627 1371 usque
657 1295 728 1351 ad
754 1298 982 1365 initium
1006 1297 1342 1369 pubertatiS.
1415 1296 1480 1352 In
1511 1295 1719 1373 quibus
1747 1317 1901 1373 prae-

222 1378 373 1452 cipit
399 1382 591 1453 pueris
620 1396 799 1454 usque
828 1376 899 1433 ad
933 1377 1296 1452 pubertatem
1328 1378 1754 1453 praescribenda
1779 1396 1902 1435 esse

225 1460 436 1516 leviora
462 1463 769 1517 exercitia.
819 1478 1007 1535 neque
1035 1478 1133 1516 eos
1162 1459 1455 1535 cogendos
1483 1479 1600 1516 esse
1631 1458 1706 1516 ad
1733 1456 1905 1529 αἰαγ-

226 1553 554 1614 καιοφαιγιαν,
587 1543 692 1598 hoc
729 1551 833 1607 est,
864 1540 939 1597 ad
969 1544 1212 1598 nimium
1240 1542 1437 1598 cibum
1473 1540 1944 1610 assumendum,

228 1622 417 1697 qualis
461 1624 679 1680 solebat
721 1624 951 1681 athletis
996 1623 1332 1700 praescribi:
1386 1642 1576 1698 neque
1615 1618 1908 1700 cogendos

227 1721 351 1761 esse
390 1704 469 1771 ad
506 1706 785 1765 violentos
830 1707 1071 1773 labores„
1116 1707 1327 1781 quibus
1371 1724 1614 1781 corpora
1659 1708 1910 1764 nimium

226 1766 583 1862 fatigantur·
629 1790 904 1866 quoniam
946 1790 1070 1845 haec
1114 1788 1310 1845 omnia
1355 1788 1681 1863 impediunt
1716 1813 1801 1851 τη,
1843 1808 1913 1843 τε

232 1890 468 1943 σωματος
498 1862 722 1937 ewino-u,
752 1862 810 1927 id
839 1881 943 1936 est,
966 1872 1227 1945 corporis
1256 1872 1716 1927 incrementum:
1760 1866 1918 1945 quod

236 1949 297 2003 in
329 1948 441 2005 hac
472 1952 725 2008 maxime
752 1952 875 2007 fieri
906 1952 1096 2008 debet.

157 2034 163 2042 “
318 2030 584 2088 Alterum
635 2041 1012 2109 praeceptum.
1098 2030 1239 2090 Tres
1288 2032 1447 2089 anni
1467 2041 1603 2108 post
1644 2030 1916 2109 puberta·
1939 2041 2076 2088 own
2105 2024 2148 2088 δ’

236 2121 359 2170 tem
409 2112 704 2170 tribuendi
748 2126 879 2172 sunt
930 2117 1055 2172 aliis
1106 2114 1322 2172 artibus
1371 2126 1430 2172 et
1470 2114 1811 2190 discipliniS,
1855 2114 1916 2170 in
1939 2105 2034 2185 οἷφ
2058 2109 2176 2176 ἧςης

234 2195 491 2271 quibus
475 2199 711 2270 ingenia
740 2195 1167 2254 adolescentum
1198 2207 1332 2254 sunt
1359 2197 1730 2254 exercendas
1942 2217 2025 2255 m
2054 2213 2167 2272 τρια

320 2277 583 2338 Tertium
622 2289 1001 2356 praeoeptum.
1088 2280 1304 2356 Elapso
1348 2281 1632 2344 triennio
1622 2286 1772 2356 post
1808 2297 1918 2355 pu-
1941 2297 2058 2352 τςος
2083 2292 2204 2331 τοις·

238 2358 543 2429 bertatem,
588 2361 873 2439 paulatim
926 2361 1148 2418 labores
1206 2363 1316 2418 illis
1365 2373 1496 2418 sunt
1543 2360 1813 2438 augendi,
1861 2368 1924 2418 et

239 2444 501 2517 graviora
540 2446 815 2501 exercitia
864 2463 1000 2500 cum
1052 2445 1163 2498 illis
1207 2441 1612 2518 suscipiendat
1673 2441 1750 2499 ad
1791 2460 1923 2521 quae

240 2526 419 2582 etiam
445 2543 677 2582 necesse
714 2523 903 2588 fuerit,
934 2535 999 2582 ut
1039 2525 1352 2598 copiosiore
1395 2525 1532 2581 cibo
1568 2531 1820 2590 utantur,
1849 2522 1928 2578 ad
1983 2565 1986 2574 ,

246 2603 545 2681 augendas
572 2617 631 2662 et
670 2603 1098 2661 confirmandas
1124 2607 1272 2661 vires
1299 2607 1572 2680 corporis,
1601 2615 1666 2661 ut
1693 2606 1926 2681 quanti-

246 2698 337 2743 tas
364 2685 482 2741 cibi
512 2685 963 2780 correspondeat
989 2687 1275 2743 exercitiis
1302 2687 1581 2762 corporis,

253 2766 437 2824 Quare
463 2768 643 2846 aliqui
672 2770 807 2824 anni
842 2768 975 2825 solis
999 2766 1274 2824 exercitiis
1298 2769 1524 2843 in'genii,
1553 2780 1604 2824 et
1632 2785 1739 2824 non
1767 2771 1931 2826 etiam

617 2851 790 2906 'simul
813 2850 1061 2928 corporis
1084 2865 1204 2904 sunt
1230 2849 1507 2906 tribuendi
1529 2854 1558 2906 t

340 2933 493 2993 Quia
518 2951 638 2989 non
666 2939 909 3008 possunt
936 2931 1107 2988 simul
1132 2940 1191 2988 et
1231 2931 1428 3009 animo
1468 2941 1528 2988 et
1565 2950 1806 3007 corpore
1833 2947 1932 2988 ve-
1985 2935 1990 2942 ’

252 3015 557 3072 hementer
580 3015 874 3076 laborare:
921 3014 983 3071 hi
1024 3015 1181 3070 enim
1222 3014 1452 3071 labores
1487 3033 1545 3070 se
1587 3010 1790 3070 mutuo
1821 3016 1931 3070 im-

256 3096 520 3173 pediunt.
608 3097 855 3156 Labores
894 3097 1054 3153 enim
1094 3096 1350 3171 corporis
1399 3095 1727 3172 impediunt
1767 3113 1933 3154 men-

261 3189 399 3248 tem,
428 3175 546 3256 quo
572 3180 767 3238 minus
794 3181 978 3260 possit
1004 3177 1306 3235 commode
1335 3179 1450 3234 suis
1485 3179 1934 3254 contemplatio-

264 3259 433 3318 nibus
478 3279 694 3317 vacare.
780 3262 855 3319 Et
900 3258 1119 3334 contra,
1173 3261 1422 3318 Labores
1478 3261 1696 3337 ingenii
1747 3262 1935 3335 impe-

263 3339 437 3400 diunt
452 3344 740 3402 naturales
762 3343 1019 3418 corporis
1038 3339 1416 3418 operationes,
1437 3343 1498 3399 in
1528 3361 1598 3400 eo
1627 3339 1939 3416 nutriendo¹

266 3435 326 3482 et
368 3423 667 3502 augendo:
716 3427 881 3482 sicuti
911 3422 1087 3482 videri
1131 3425 1266 3482 licet
1311 3427 1367 3482 in
1411 3427 1499 3492 iis,
1531 3425 1630 3500 qui
1658 3417 1945 3499 perpetuo

263 3505 427 3565 libris
456 3506 819 3575 incumbunt,
851 3503 1009 3583 quod
1038 3517 1173 3566 sunt
1198 3507 1523 3584 plerunque
1561 3503 1786 3582 pallidi,
1816 3521 1942 3562 ma-

264 3589 485 3658 cilenti,
507 3590 788 3668 pituitosi‚
808 3598 868 3647 et
894 3586 1314 3648 valetudinarii.
1383 3589 1534 3650 Quia
1557 3586 1788 3664 spiritus
1816 3587 1942 3642 ani-
