2517 4100
822 279 1092 352 ’ΠΒΕΒ
1131 255 1297 340 vni.
1339 297 1347 305 ·
1502 341 1505 348 ,
1796 290 1911 344 305

211 451 396 520 -λιιςαι,
429 443 518 502 καί
545 440 810 518 pannoni,
835 444 1105 506 resolutae
1131 455 1192 502 et
1232 443 1472 502 molles:
1519 443 1729 522 quibus
1769 443 1931 513 levi-,
1961 469 1964 473 ·

226 532 318 577 ter
367 527 595 582 animus
647 525 934 585 afficitur:
992 527 1074 586 ita
1123 535 1188 584 ut
1231 525 1503 588 nonnihil
1553 525 1913 604 languescat.

227 603 515 664 Quaedam
547 606 917 682 appellantur
939 632 1118 682 μισαι,
1144 607 1342 665 medio
1378 605 1552 670 modo
1590 626 1648 665 se
1687 608 1907 667 haben-

225 693 354 744 tes:
400 707 533 764 quae
575 689 834 748 animum
877 708 1062 767 neque
1091 690 1476 759 vehementer,
1504 707 1693 765 neque
1730 690 1909 749 etiam

227 767 404 825 nimis
447 770 646 828 leviter
671 771 947 831 afficiunt.
1034 770 1319 832 Quaedam
1350 770 1601 848 denique
1628 783 1909 830 vocantur
1968 775 1975 780 '

228 843 603 917 ”Saccas-mas,
651 855 812 928 quasi
869 853 1217 921 furibundae,
1268 872 1400 929 quae
1454 853 1909 912 vehementiores

227 937 288 985 et
328 949 507 1007 prope
544 932 1118 994 furibundos=motus
1158 937 1413 994 excitant
1453 937 1513 995 in
1556 936 1763 994 animis
1800 953 1907 994 au·

230 1007 534 1074 clientium.

313 1093 548 1160 Sextum
609 1099 1307 1172 argumentum-sumitur
1354 1098 1427 1156 ab
1474 1098 1733 1157 efficacia
1778 1117 1912 1178 orac

228 1174 406 1231 tionis
429 1195 750 1235 numerosae
777 1181 837 1236 in
865 1180 1137 1238 Versibus
1165 1190 1223 1236 et
1247 1181 1560 1258 Rhythmis
1582 1191 1907 1257 poetarum,

232 1257 333 1332 qui
365 1255 438 1314 ad
459 1269 646 1316 certos
673 1278 940 1318 numeros
967 1261 1317 1338 syllabarum
1342 1274 1511 1340 atque
1536 1262 1750 1340 pedum
1772 1273 1911 1322 sunt

234 1341 576 1414 compositi:
623 1360 867 1418 quorum
896 1355 1134 1420 propter
1160 1345 1341 1402 solam
1372 1363 1741 1404 numerorum
1771 1346 1910 1402 har·

234 1422 514 1488 moniam,
546 1439 617 1478 ea
657 1432 744 1480 est
785 1427 903 1484 vis:
949 1436 1015 1483 ut
1054 1427 1229 1483 etiam
1274 1429 1320 1482 si
1366 1427 1552 1485 solnm
1596 1428 1911 1484 recitentur

234 1511 334 1558 aut
359 1502 659 1577 legantur:
709 1501 1166 1584 tamen'possint
1205 1509 1429 1566 animos
1470 1509 1769 1565 hominurn
1802 1507 1937 1564 ali-‘

235 1601 353 1658 quo
400 1583 574 1642 inodo
617 1587 840 1646 afficere
883 1599 942 1646 et
986 1607 1383 1648 commovere:
1440 1589 1586 1647 adeo
1628 1596 1693 1645 ut
1732 1589 1911 1646 etiam
1954 1653 1965 1660 ς

237 1665 347 1740 ipsi
380 1667 667 1746 Oratores,
697 1667 814 1746 qud
843 1674 1026 1744 magis
1053 1671 1337 1730 auditores
1364 1690 1492 1730 suos
1520 1679 1910 1748 permoveant,

235 1746 454 1819 soleant
492 1749 770 1826 quosdam
811 1771 1081 1810 numeros
1122 1755 1184 1811 in
1230 1751 1597 1830 periodorum
1640 1753 1912 1811 clausulis

233 1828 545 1888 observare.
630 1833 703 1891 Et
745 1836 864 1910 ipse
894 1836 1224 1893 Aristoteles
1266 1838 1328 1892 in
1362 1835 1691 1893 'Rhetoricis
1720 1835 1819 1893 lib.
1850 1840 1907 1892 ³.

235 1927 292 1968 c.
327 1917 380 1968 8.
421 1911 622 1970 laudat
659 1917 976 1973 orationem
1021 1914 1266 1994 ιυςιθμον,
1294 1918 1647 1973 concinnam
1696 1925 1757 1974 et
1799 1934 1911 1972 nu-

237 2009 542 2051 merosam.

405 2077 683 2133 Quomodo
710 2079 986 2149 concludit
1013 2078 1335 2137 Aristoteles
1360 2076 1501 2137 hunc
1526 2080 1697 2137 locum
1714 2082 1742 2135 Ρ

181 2218 187 2225 ,
280 2164 285 2179 “
321 2157 611 2218 Quoniam
654 2160 848 2235 igitur,
879 2161 1087 2237 inquit,
1115 2159 1279 2217 tanta
1308 2162 1389 2218 vis
1431 2170 1519 2219 est
1561 2162 1807 2219 Musicae
1848 2161 1909 2219 in
1930 2166 2003 2215 Εκ
2020 2182 2107 2231 μιν
2133 2181 2191 2215 sn

234 2238 687 2308 commovendiS,
708 2242 1048 2312 excitandis,
1075 2250 1136 2299 et
1163 2242 1693 2301 mutandis-animis
1721 2244 1910 2301 homi·
1931 2251 2206 2313 τετυυφα-

241 2338 418 2379 num:
465 2319 596 2379 ideo
627 2325 857 2380 nemini
901 2322 1142 2383 dubium
1181 2342 1304 2381 esse
1346 2334 1553 2399 potest,
1589 2326 1743 2405 quin¹
1768 2327 1910 2384 utile
1932 2342 2070 2397 ”pov-

237 2404 326 2471 sit,
354 2402 745 2465 adolescentes
774 2407 832 2463 in
863 2422 931 2465 ea
975 2408 1273 2465 instituere
1310 2416 1368 2463 et
1409 2424 1714 2463 exercere:
1760 2426 1910 2483 prae-

236 2487 429 2543 sertim
451 2484 592 2561 ⁴cnm
621 2488 730 2541 ista
772 2496 914 2543 aetas
955 2484 1204 2545 maxime
1247 2484 1491 2543 ducatur
1517 2486 1817 2545 affectibus
1856 2499 1917 2547 et

238 2565 554 2640 delectetur
577 2566 746 2623 rebus
774 2578 834 2624 et
871 2568 1194 2625 actionibus
1225 2566 1538 2638 jucundis:
1586 2570 1694 2625 ista
1721 2578 1911 2628 autem

241 2650 511 2705 exercitia
540 2668 658 2706 non
687 2646 867 2704 solum
889 2650 1006 2708 sint
1025 2646 1165 2713 ἤθεα,
1175 2647 1475 2721 jucunda:
1523 2646 1716 2707 vertim
1740 2651 1917 2710 etiam

237 2722 464 2796 aeuCn,
491 2730 784 2791 innocua:
833 2726 950 2787 imo
991 2732 1168 2789 etiam
1210 2730 1373 2799 utilia
1416 2728 1490 2787 ad
1518 2730 1821 2789 honestam
1852 2734 1915 2791 in

243 2810 362 2865 otio
405 2833 716 2881 σιναπαυσυ,
758 2836 848 2870 us
875 2808 1158 2883 ’ὃισιγωγηῃ
1213 2812 1625 2871 recreationem
1676 2820 1735 2871 et
1782 2814 1913 2873 Vitoe

246 2886 690 2951 traductionem.
761 2940 766 2949 .

819 3056 826 3063 '
875 3054 1142 3115 CAPUT
1178 3056 1286 3117 VI.

717 3176 1022 3251 Quoeuplea':
1046 3190 1126 3234 est
1156 3176 1381 3236 Musica
1404 3181 1436 3234 ἓ

247 3264 606 3355 MUSICA
653 3294 867 3375 duplex
911 3310 1016 3367 est,
1045 3318 1159 3358 una
1188 3302 1489 3383 Theorica,
1520 3301 1698 3359 altera
1743 3300 1917 3359 Prac-
1939 3310 2152 3385 nor-gos
2166 3298 2216 3359 ’a

243 3378 373 3434 tica.
454 3378 744 3436 Theorica‘
795 3391 900 3448 est,
947 3400 1080 3457 quae
1135 3382 1194 3440 in
1251 3384 1375 3441 sola
1427 3384 1918 3460 contemplatione
1939 3379 2009 3440 δυ
2034 3409 2164 3455 μιν·
2267 3400 2283 3415 “

243 3462 640 3543 proportionis
664 3478 868 3519 vocum
914 3474 973 3519 et
1012 3482 1282 3522 sonorum
1313 3466 1725 3526 Musicalium:
1768 3464 1915 3522 etin
1938 3454 2099 3519 San-ss
2118 3463 2214 3521 αὖ·

241 3543 570 3619 cognitione
639 3552 1105 3685 praeceptorumd
1125 3547 1263 3609 artis
1327 3547 1574 3607 Musicoe
1640 3546 1917 3606 consistit.
1944 3556 2053 3608 wr-

503 3634 514 3656 ⁸
996 3644 1036 3684 υ
1135 3633 1170 3687 3
1389 3638 1399 3649 “
1522 3636 1535 3643 “

2474 3478 2488 3645 ——L-
2486 3424 2488 3435 -
2486 3332 2488 3343 -
