2517 4100
645 251 767 308 ³16
1000 203 1014 212 ⁸
1130 243 1824 310 OEcouomconmu

349 410 627 497 οὖλιῖτες.
647 407 751 468 sed
792 411 969 468 etiam
1007 416 1073 470 ut
1094 408 1244 470 bene
1271 412 1507 470 vivatur.
1558 393 1567 404 ⁸
1592 412 1670 470 Et
1706 429 1825 470 non
1852 408 1929 470 ad
1952 407 2335 488 explendum

348 523 466 570 ,ηας
487 524 627 556 mm
647 492 849 550 saltem
879 511 1088 552 munus
1124 503 1347 553 naturae
1383 497 1549 572 eique
1588 493 1869 552 tributum
1895 495 2059 572 quasi
2088 495 2341 552 solven-

344 601 408 656 τῃ
436 591 582 652 Qvo-u
647 572 808 643 dum,
837 574 1031 634 verum
1061 573 1136 633 ad
1163 576 1473 636 utilitatem
1500 595 1732 654 quoque
1762 578 2033 655 pertine't.
2120 578 2335 636 Quem

275 709 284 718 .
343 682 485 731 μνον
510 655 612 718 ia·
645 657 804 714 euim
830 657 1090 716 laborem
1129 655 1481 734 impendunt·
1519 657 1929 717 infirmioribus
1952 659 2337 725 valentiores,

347 751 424 796 λι
449 763 537 798 και
643 739 764 812 ejus
802 737 1050 799 fructum
1093 740 1379 817 recipiunt
1418 738 1599 799 effoeti
1642 743 1701 798 in
1737 750 2031 809 senectute
2058 738 2095 796 a
2118 740 2333 798 valen-

345 819 602 892 ὦφελιιας.
646 821 902 878 tioribus.
985 829 1042 880 4.
1083 820 1236 881 Quia
1273 831 1479 882 natura
1502 822 1614 882 hac
1655 825 2043 900 generationis
2070 821 2333 900 periodo

642 901 890 979 complet
909 903 1041 960 vitae
1059 904 1513 981 perpetuitatem
1536 907 1725 982 specie
1753 907 2048 972 nimirum,
2072 922 2333 962 numero

641 1002 776 1042 cum
816 994 1085 1062 nequeat.
1173 993 1230 1046 5.
1270 987 1380 1046 Del
1422 985 1677 1062 quadam
1707 1012 2062 1065 σςοοικοιομιᾳ
2090 995 2148 1044 et
2174 1005 2327 1062 pro-

639 1063 895 1126 videntia
917 1076 1162 1145 uterque
1197 1088 1361 1128 sexus
1404 1071 1743 1127 constitutus
1783 1078 1869 1127 est
1910 1067 2215 1144 sigillatim
2246 1067 2326 1125 ad

640 1153 996 1210 societatem.
1084 1151 1176 1208 Sic
1223 1154 1382 1210 enim
1440 1150 1743 1210 distributa
1798 1161 1931 1208 sunt
1983 1152 2199 1217 omnia,
2260 1157 2327 1206 ut

641 1233 906 1308 quamvis
933 1233 1230 1311 utriusque
1268 1252 1434 1292 sexus
1480 1235 1768 1291 contraria
1794 1227 2093 1292 videantur
2120 1233 2327 1290 officia

641 1321 819 1387 atque
861 1333 1057 1392 opera,
1087 1315 1162 1376 ad
1197 1335 1381 1374 unum
1414 1325 1612 1374 tamen
1639 1315 1837 1374 omnia
1863 1315 2042 1374 finem
2066 1323 2326 1374 conten-

346 1378 624 1446 Acsmrt·
647 1391 806 1454 dant.
887 1397 1124 1455 Etenim
1151 1408 1359 1456 natura
1396 1415 1579 1456 unum
1620 1416 1817 1456 sexum
1853 1396 1995 1455 fecit
2030 1396 2332 1454 robustio-

341 1487 416 1541 θ’
449 1475 550 1536 Φυ-
645 1495 789 1548 rem‚
818 1478 1254 1539 imbecilliorem
1296 1481 1557 1547 alterum,
1586 1489 1651 1537 ut
1681 1479 1776 1538 ille
1805 1476 1881 1536 ad
1907 1477 2329 1537 custodiendas

341 1556 596 1602 &cavann-
645 1577 737 1616 res
783 1572 1021 1638 propter
1057 1563 1343 1628 timorem,
1377 1560 1475 1618 hic
1519 1573 1757 1638 propter
1794 1559 2194 1618 fortitudinem
2244 1559 2327 1617 ad

343 1642 498 1724 ’ξῦν
543 1650 601 1682 ⁷⁰
643 1641 1130 1718 propugnandum
1159 1645 1342 1718 magis
1376 1651 1526 1700 esset
1552 1641 1811 1710 idoneus,
1838 1643 2095 1718 itemque
2125 1653 2191 1700 ut
2226 1644 2329 1702 ille

343 1728 609 1800 ‘vaffv‘w
641 1719 776 1778 foris
821 1730 988 1798 parta
1037 1721 1283 1790 afferret,
1332 1723 1431 1780 hic
1484 1727 1639 1780 intus
1684 1733 2044 1780 conservaret
2092 1725 2321 1784 allata:

341 1809 436 1860 gon,
453 1811 610 1860 apon—
642 1799 739 1862 ille
784 1803 1174 1864 assiduitatem
1213 1801 1451 1880 quidem
1492 1813 1749 1879 praestet,
1777 1801 1875 1862 sed
1920 1803 1999 1860 ad
2036 1805 2325 1872 excubias

342 1884 779 1946 “⁸⁰⁷⁸40’·foris
823 1884 1076 1963 agendas
1120 1883 1384 1944 infirmus
1423 1887 1517 1954 sit,
1556 1886 1657 1943 hic
1702 1883 1780 1952 ad
1817 1885 2077 1962 quietem
2117 1888 2247 1944 min
2258 1907 2322 1946 us

640 1976 828 2044 aptus,
852 1968 925 2027 ad
955 1977 1148 2028 motus
1165 1963 1300 2026 vero
1323 1976 1383 2025 et
1408 1968 1683 2034 exercitia
1706 1968 2112 2043 praestantior:
2157 1970 2321 2027 circa

640 2052 866 2127 prolem
910 2054 1084 2113 etiam
1119 2058 1189 2109 ut
1227 2052 1523 2127 generatio
1548 2044 1791 2126 quidem
1815 2051 1889 2109 sit
1915 2052 2171 2129 propria,
2196 2054 2317 2110 uti-

641 2132 773 2189 litas
799 2132 932 2191 verb
971 2132 1331 2193 communis:
1377 2156 1472 2190 των
1509 2156 1597 2206 μιν
1634 2156 1736 2209 γῆς
1772 2156 1830 2189 το
1868 2126 2087 2209 θςιψαι·
2131 2157 2221 2192 των
2264 2130 2319 2191 31

641 2236 700 2269 το
726 2212 1006 2275 &anduno-ou
1035 2232 1156 2277 ern·
1196 2213 1312 2270 hoc
1338 2222 1459 2271 est:
1502 2219 1755 2273 matrum
1796 2220 1885 2277 est
1918 2211 2178 2281 educare,
2204 2230 2316 2291 pa-

642 2300 796 2347 trum
824 2289 958 2347 vero
984 2290 1212 2352 docere.
2026 2350 2029 2355 .

647 2370 778 2433 221ae
827 2373 964 2448 leges
1006 2383 1131 2428 sum
1175 2375 1388 2440 mariti,
1437 2392 1573 2451 qua-5
1624 2377 1693 2430 ἐπ’
1739 2380 2137 2437 conversatione
2186 2396 2316 2435 cum

999 2472 1166 2513 uxore
1191 2453 1731 2513 observaremaxime
1758 2457 1912 2514 debet
1931 2466 1961 2517 ?

345 2534 544 2602 uem-ov
730 2535 924 2595 Prima
953 2536 1048 2595 lex
1074 2545 1178 2603 est,
1208 2552 1283 2593 ne
1312 2538 1521 2611 injuria
1545 2554 1691 2594 uxor
1717 2539 2019 2607 afficiatur,
2046 2540 2125 2598 sic
2149 2540 2317 2599 enim

349 2628 437 2679 ΡΜ
464 2626 518 2661 ⁸⁹
551 2628 627 2663 ’θ’
649 2636 758 2677 nec
787 2622 998 2677 marito
1040 2619 1248 2691 injuria
1275 2616 1704 2677 extimescenda„
1728 2629 1834 2676 est.
1921 2622 2049 2679 Hoc
2076 2622 2233 2679 enim
2258 2634 2323 2680 et

348 2710 437 2758 μθ·
464 2708 588 2764 opos
651 2700 979 2761 communis
1007 2700 1098 2761 lex
1127 2699 1371 2766 inducit,
1398 2698 1886 2777 quemadmodum
1914 2704 2073 2761 aiunt
2102 2702 2324 2780 Pytha-

349 2788 587 2834 ‘rvw‘m-
651 2784 871 2861 goi-ici:
919 2784 1170 2841 Omnem
1202 2782 1425 2855 injuriae
1460 2792 1518 2840 et
1542 2783 1825 2841 violentiae
1850 2784 2187 2861 opinionem
2212 2785 2325 2845 ab·

569 2938 576 2946 ⁸
653 2884 774 2923 esse
813 2864 1018 2922 debere
1063 2866 1136 2925 ab
1178 2883 1267 2931 ea,
1298 2883 1429 2942 quae
1472 2865 1751 2941 supplicis
1792 2866 1971 2923 instar
1998 2870 2073 2924 sit
2102 2876 2161 2924 et
2188 2877 2323 2926 tan-

652 2965 829 3023 quam
859 2944 895 3001 a
931 2946 1061 3003 foco
1097 2944 1365 3004 deducta.
1452 2946 1725 3004 Consistit
1754 2957 1943 3007 autem
1973 2950 2077 3007 viri
2108 2950 2323 3023 injuria

649 3028 1013 3105 potissimum
1056 3031 1114 3085 in
1155 3027 1575 3085 consuetudine
1616 3046 1751 3087 cum
1790 3032 2077 3091 extraneis
2118 3032 2325 3091 mulie-

648 3108 828 3166 ribus.

736 3198 793 3248 2.
834 3190 924 3247 Ita
965 3189 1405 3259 assuescendum
1443 3198 1530 3246 est
1571 3191 1861 3261 uxoribus,
1888 3202 1957 3252 ut
1992 3214 2071 3253 ne
2100 3192 2172 3251 de
2214 3198 2318 3253 tri-

652 3272 794 3331 buto
820 3271 1361 3344 naturoesolvendo,
1389 3273 1596 3331 marito
1623 3286 1927 3351 praesente,
1955 3290 2319 3356 conqueran-

653 3366 768 3423 tur,
803 3373 931 3435 nec,
959 3355 1192 3423 absente
1228 3353 1455 3423 eodem,
1480 3366 1647 3423 extra,
1674 3350 1888 3417 limites
1916 3370 2213 3437 vagentur,
2253 3361 2317 3421 id

656 3438 813 3519 quod
835 3450 1030 3501 tamen
1057 3449 1118 3496 et
1142 3436 1415 3513 uxoribus
1441 3436 1857 3504 observandum
1883 3452 1985 3505 est.
