2517 4100
593 239 630 294 8
645 241 666 294 l
681 241 716 292 8
1075 234 1774 296 OECONOMICORUM

677 405 737 458 7.
779 395 998 456 Mulier
1025 421 1267 464 ιυτακτος
1299 402 1379 458 ita
1404 400 1632 465 habeat,
1666 399 1963 474 ingenium
1990 403 2053 454 et
2078 414 2299 456 mores

595 481 702 538 viri
744 481 834 536 sui
872 481 1064 558 legem
1089 479 1196 538 sibi
1224 499 1346 539 esse
1372 482 1551 539 latam
1576 479 1853 538 divinitus
1878 489 2003 538 tum
2017 477 2297 556 ¹quando

597 563 972 622 matrimonio
1022 563 1519 656 conjungerentur.
1626 560 1797 624 Quod
1851 563 1897 620 si
1950 564 2109 620 enim
2174 563 2295 620 illa

601 662 774 722 aequo
799 647 998 701 animo
1020 645 1124 700 viri
1161 663 1349 702 mores
1389 646 1605 714 tulerit,
1630 645 1817 702 facilis
1848 645 1959 702 erit
1986 641 2295 702 adminis-

601 729 776 786 tratio
800 725 1149 784 domestica:
1193 729 1283 783 sin
1312 727 1525 797 minus,
1553 725 1868 785 admodum
1895 725 2173 786 difficilis.

687 816 742 866 8.
788 808 920 865 Nou
945 807 1118 864 rebus
1145 805 1325 866 modo
1348 808 1617 868 secundis
1648 808 1747 866 sed
1776 819 1837 864 et
1876 806 2121 866 adversis
2150 809 2293 865 viro

601 890 890 984 morigera
927 888 1301 948 concordiam
1339 908 1476 950 cum
1518 892 1645 968 ipso
1686 893 1843 963 alat3
1890 900 1969 946 ut
1986 891 2033 946 si
2076 908 2293 947 rerum

597 972 1054 1030 necessariarum
1094 975 1342 1048 penuria
1378 983 1597 1049 urgeat,
1636 972 1871 1032 morbus
1910 972 2147 1046 affligat,
2180 991 2291 1028 ve-

601 1054 928 1122 hementior
951 1055 1315 1148 perturbatio
1354 1066 1413 1112 et
1438 1080 1643 1120 ιιςασις
1670 1079 1757 1117 της
1780 1068 1938 1132 φρευος
1982 1051 2292 1111 abaliena-

602 1137 698 1196 tio
717 1134 992 1214 quaedam
1033 1139 1244 1194 mentis
1284 1139 1507 1203 existat,
1533 1135 1846 1194 tolerentur
1868 1136 2063 1192 omnia
2090 1149 2291 1208 φιλοιν-

601 1213 642 1274 9
641 1243 808 1298 ραι-ως
835 1226 894 1276 et
932 1237 1056 1276 mos
1095 1229 1327 1294 geratur
1354 1220 1489 1286 viro,
1518 1218 1629 1274 nisi
1668 1217 1815 1276 forte
1847 1215 2147 1309 turpitudo
2178 1223 2293 1272 aut

603 1299 823 1368 arcticon,
851 1299 912 1358 h.
937 1319 989 1356 e.
1029 1301 1345 1392 indignitas
1388 1303 1447 1358 in
1490 1318 1551 1358 re
1595 1301 1750 1358 insit.
1832 1297 2006 1358 Quod
2044 1300 2091 1355 si
2132 1296 2294 1373 quid

606 1392 902 1440 commoto
927 1383 1014 1440 vir
1041 1375 1238 1441 animo
1268 1382 1590 1459 deliquerit,
1619 1384 1741 1454 ejus
1768 1381 2133 1438 obliviscatur
2159 1389 2290 1438 sta-

604 1461 734 1529 tim,
755 1473 857 1523 aut
883 1465 1226 1540 ignorantiae
1252 1475 1313 1523 et
1333 1461 1645 1540 agritudini
1672 1462 1731 1522 id
1754 1461 2060 1520 adscribat.
2120 1461 2293 1519 Nam

607 1545 772 1618 quo
759 1563 817 1601 in
847 1545 937 1602 his
965 1548 1210 1604 attentio
1243 1557 1303 1605 et
1343 1546 1645 1619 diligentia
1686 1546 1871 1617 major
1894 1543 2070 1600 fuerit
2108 1540 2292 1600 adhi-

605 1623 749 1690 bita,
775 1623 846 1682 eo
872 1627 1003 1702 plus
1029 1629 1228 1702 gratiae
1270 1629 1481 1684 initura
1520 1634 1607 1682 est
1632 1624 1669 1681 a
1692 1628 1811 1684 viro
1852 1624 1928 1681 ad
1970 1627 2291 1682 sanitatem

605 1706 816 1762 mentis
867 1725 1109 1765 reverso.
1191 1707 1271 1765 Et
1322 1711 1369 1765 si
1418 1706 1703 1781 refragata
1755 1707 1830 1762 sit
1872 1707 2047 1777 jussis
2106 1707 2292 1764 inho-

607 1787 803 1853 nestis,
842 1789 1111 1848 virtutem
1164 1791 1360 1864 ipsius„
1406 1790 1491 1846 vir
1538 1787 1647 1845 sibi
1702 1787 2019 1856 restitutus,
2065 1786 2293 1845 clarius

605 1870 940 1945 perspiciet.

690 1949 929 2012 Summa
967 1952 1164 2029 legum
1199 1962 1286 2011 est
1324 1953 1606 2020 omnium,
1634 1958 1700 2007 ut
1738 1952 1950 2007 marito
1977 1949 2287 2026 obtempe-

607 2041 700 2093 ret
743 2054 888 2095 uxor
929 2056 1046 2094 non
1089 2036 1256 2096 aliter
1296 2056 1365 2097 ac
1408 2037 1455 2094 si
1495 2035 1557 2091 in
1600 2031 1751 2093 illius
1788 2031 2077 2091 familiam
2122 2041 2285 2091 emta

611 2115 828 2173 ancilla
854 2119 1136 2177 venisset..

581 2258 590 2267 ⁸
848 2198 1033 2255 Quare
1058 2218 1196 2257 uxor
1219 2210 1374 2255 emtae
1400 2207 1749 2273 comparatur
1774 2197 1991 2255 ancillae
2010 2202 2039 2255 ἓ

317 2265 489 2329 Ωνηὲιι
696 2276 847 2337 Quia
875 2293 1156 2351 magnum
1184 2281 1513 2353 impensum
1536 2285 1623 2333 est
1648 2278 1709 2333 in
1732 2295 1971 2335 uxorem
1994 2278 2237 2355 pretium
2261 2298 2278 2335 τ

313 2370 414 2427 ⁶7⁶⁶?
425 2370 591 2423 {⁴⁸7⁶-
611 2355 746 2415 vitae
783 2374 999 2433 nempe
1025 2358 1305 2413 universae
1332 2359 1685 2413 consociatio
1711 2365 1771 2414 et
1795 2359 2102 2416 liberorum
2140 2378 2283 2433 pro-

313 2438 378 2507 ap
403 2450 544 2512 “sup-
614 2440 850 2507 creatio,
878 2458 996 2515 quo
1021 2456 1212 2517 neque
1245 2438 1433 2510 majus
1472 2456 1591 2495 esse
1636 2456 1827 2515 neque
1867 2441 2113 2498 sanctius
2138 2459 2283 2515 pre-

617 2522 766 2581 tium
792 2524 990 2599 possit.

628 2602 821 2661 Utrum
859 2623 1044 2661 earum
1083 2604 1355 2659 illustrior
1380 2603 1572 2667 virtus,
1600 2601 1793 2679 quibus
1831 2604 2061 2661 maritus
2084 2604 2285 2661 lauda-

859 2698 981 2754 mr,-
966 2704 1064 2743 -απ
1086 2685 1215 2743 vero
1243 2685 1437 2760 quibus
1454 2699 1737 2758 perversus
1761 2687 1994 2761 contigit
2012 2688 2041 2741 ἓ

703 2769 841 2827 Non
885 2768 1042 2825 abuti
1083 2767 1328 2824 fortunas
1353 2764 1735 2841 benignitate,
1766 2764 1826 2821 id
1854 2784 1991 2823 sane
2020 2765 2081 2823 in
2109 2768 2286 2825 mini-

617 2851 729 2909 mis
756 2848 1086 2907 habendum
1112 2867 1230 2906 non
1260 2856 1364 2915 est,
1388 2847 1621 2905 adversa
1646 2855 1845 2903 tamen
1870 2846 2095 2905 fortiter
2118 2847 2287 2919 ferre,

617 2928 800 2989 multo
847 2932 1028 3007 pluris
1069 2929 1477 2989 aestimandum
1516 2936 1636 2986 est:
1687 2926 1894 2985 Graeca
1920 2938 2094 2987 sunt:
2140 2932 2173 2987 ἐ
2200 2956 2293 3005 μυ

617 3009 675 3075 3⁴„
703 3032 874 3090 μικςοψ
899 3034 960 3074 τη
989 3013 1238 3090 ευπςαξιᾳ
1264 3008 1493 3093 χρῆσθαι
1518 3021 1705 3075 aanor,
1733 3022 1877 3065 αλλα.
1908 3034 1965 3081 γε
1994 3034 2053 3068 το
2078 3032 2289 3069 :maraon

619 3104 770 3171 φερειν
797 3115 1011 3153 ammas
1039 3105 1215 3168 σολλφ
1239 3088 1416 3163 μιιζοι.
1477 3090 1727 3147 Animus
1752 3084 1911 3149 enim
1938 3092 2237 3149 excelsus
2224 3112 2289 3149 m

620 3193 695 3230 eo
721 3174 973 3229 maxime
1005 3172 1209 3238 elucet,
1241 3171 1290 3226 si
1330 3189 1519 3249 neque
1560 3170 1901 3232 succumbat
1928 3173 2293 3232 calamitati-

621 3257 752 3322 bus,
793 3264 853 3310 et
892 3272 1088 3331 graves
1128 3253 1364 3326 injurias
1409 3253 1665 3312 modeste
1699 3253 1865 3314 ferat.
1939 3257 2143 3350 Atque
2178 3274 2289 3333 op-

625 3334 871 3397 tandum
897 3333 1150 3412 quidem,
1179 3354 1253 3392 ne
1294 3334 1421 3393 haec
1463 3335 1769 3394 necessitas
1807 3338 2003 3407 mariti
2044 3336 2289 3397 infelici-

627 3430 747 3479 tate
787 3418 1085 3477 obveniat:
1131 3418 1177 3475 si
1221 3435 1336 3494 qua
1369 3414 1501 3497 vero
1543 3422 1603 3478 in
1646 3416 1977 3489 hujusmodi
2020 3418 2287 3479 inciderit

627 3520 967 3573 aerumnam,
994 3520 1064 3561 ea
1105 3501 1185 3559 ita
1225 3502 1529 3571 existimet,
1567 3499 1840 3579 speciosae
1876 3500 2064 3561 laudis
2103 3512 2287 3567 mate-
