2517 4100
610 274 742 331 2⁸4
1206 264 1770 335 POLITICORUM,

576 431 757 493 ,duas
786 441 977 508 partes
1005 430 1400 491 distribuitur:
1448 433 1508 489 in
1551 433 1802 508 primam
1845 429 2070 489 scilicet
2097 430 2310 505 pueri·

608 520 710 586 tia,
737 532 871 592 quae
900 525 988 573 est
1024 516 1199 573 trium
1241 516 1604 591 sequentium
1649 530 1954 589 annorum,
1985 514 2144 570 tertii
2189 517 2312 579 sci,-

607 600 763 665 licet,
784 599 973 674 quarti
1006 606 1067 655 et
1094 599 1318 672 quinti:
1367 600 1426 655 in
1457 605 1776 655 extremam
1804 596 2142 673 pueritiam,
2167 615 2312 673 quoe

608 689 695 739 est
722 681 865 737 sexti
896 690 955 737 et
984 680 1217 755 septimi
1236 680 1406 737 anni.

613 763 745 821 Qua·
780 776 903 819 sune
941 761 1276 821 observanda
1318 760 1524 837 duobus
1555 763 1759 837 primis
1797 762 1978 828 annis,
2005 763 2172 821 circa
2211 766 2308 821 in-

1106 846 1334 913 fantum
1361 842 1732 921 educationem
1750 846 1781 899 Ρ

694 928 970 989 Quatuor.
1058 924 1319 985 Primum
1367 927 1618 1002 pertinet
1659 950 1786 1005 ωςος
1831 950 1920 988 την
1967 940 2178 1005 venons,
2225 926 2304 984 ad

610 1012 1053 1074 nutrimentum,
1105 1027 1221 1083 quo
1272 1007 1520 1065 infantes
1567 1016 1702 1065 sunt
1735 1006 1982 1076 ,alendiz
2051 1005 2128 1065 de
2181 1029 2306 1086 quo

612 1092 730 1149 duo
758 1091 1065 1151 traduntur
1090 1100 1406 1167 praecepta.
1494 1088 1771 1157 Primum,
1804 1089 2061 1148 Infantes
2103 1092 2300 1151 alendi

612 1183 748 1231 sunt
776 1175 927 1232 lacte
954 1186 1252 1231 materno:
1299 1182 1399 1231 aut
1429 1173 1474 1231 si
1519 1172 1677 1231 aliud
1706 1170 1905 1231 haberi
1935 1192 2050 1231 non
2085 1186 2302 1250 potest,

612 1256 842 1317 alterius
890 1256 1131 1328 alicujus
1181 1256 1442 1326 nutricis,
1468 1272 1600 1331 quae
1644 1264 1814 1311 aetate
1862 1265 1924 1311 et
1962 1253 2302 1317 valetudine

610 1341 783 1397 matri
813 1336 1063 1397 maxime
1092 1336 1338 1396 accedit.
1425 1338 1598 1395 Ratio
1639 1336 1913 1413 praecepti
1953 1346 2040 1394 est
2066 1338 2304 1415 triplex,

612 1420 831 1496 Prima,
860 1424 997 1499 quia
1026 1420 1116 1479 lac
1142 1421 1372 1496 corpori
1402 1419 1640 1478 infantis
1665 1421 1920 1477 maxime
1947 1430 2035 1477 est
2061 1438 2304 1479 accom-

613 1504 951 1565 modatum:
998 1502 1183 1567 simile
1224 1504 1382 1560 enim
1425 1511 1513 1560 est
1557 1504 1610 1559 ei
1649 1502 1949 1568 alimento,
1978 1521 2096 1578 quo
2131 1502 2304 1561 faetus

616 1588 675 1643 in
710 1596 873 1643 utero
902 1598 1165 1644 materno
1201 1584 1310 1641 fuit
1338 1586 1604 1643 nutritus.
1689 1584 1892 1641 Altera
1931 1586 2078 1643 ratio
2113 1586 2304 1643 sumi-

614 1679 708 1723 tur
736 1668 811 1724 ab
851 1667 1122 1741 exemplo
1163 1668 1518 1743 reliquorum
1561 1666 1938 1724 animalium:
1985 1683 2119 1741 quae
2162 1686 2306 1725 suos

612 1746 786 1805 foetus
828 1750 888 1806 in
934 1749 1123 1805 lucem
1160 1748 1371 1814 editos,
1397 1752 1573 1807 etiam
1619 1749 1953 1825 aliquandiu
1992 1748 2136 1804 lacte
2173 1768 2308 1806 nu·-

617 1830 832 1887 triunt:
893 1828 1081 1897 donec
1128 1831 1239 1887 sibi
1289 1832 1426 1907 ipsis
1473 1831 1671 1889 cibum
1723 1849 1972 1907 quaerere
2018 1842 2305 1907 possunt.

620 1913 771 1971 Item
812 1913 888 1971 ab
928 1912 1200 1989 exemplo
1232 1930 1434 1971 eorum
1483 1912 1856 1991 populorum,
1894 1914 1990 1991 qui
2039 1913 2306 1989 plurimo

615 1995 765 2063 lacte
808 2006 867 2056 et
907 1994 1217 2070 lacticiniis
1254 2006 1514 2063 utuntur,
1543 2014 1790 2072 quorum
1835 2014 2078 2074 corpora
2117 1998 2308 2056 etiam

618 2089 758 2141 sunt
798 2079 1115 2138 robustiora
1162 2093 1222 2137 et
1271 2079 1648 2154 elegantiora,
1689 2087 1749 2136 et
1801 2078 1878 2137 ad
1927 2077 2306 2155 perferendos

507 2198 515 2218 .
619 2161 844 2219 labores
900 2163 1142 2236 aptiora.
1186 2163 1428 2219 -Tertia
1481 2163 1629 2219 ratio
1683 2161 1759 2217 ab
1815 2161 2046 2220 effectu.
2145 2164 2306 2222 Quia

620 2245 732 2310 lac,
775 2245 821 2300 si
864 2238 1016 2298 bene
1056 2252 1288 2300 coctum
1335 2244 1395 2300 in
1436 2243 1756 2301 ventriculo
1793 2242 1983 2310 fuerit,
2023 2242 2194 2303 facile
2241 2247 2306 2304 in

620 2325 965 2399 sanguinem
1003 2327 1367 2392 convertitur,
1400 2325 1587 2382 bonos
1627 2327 1899 2383 humores
1937 2329 2146 2403 gignit,
2173 2346 2304 2396 cor,-

619 2425 729 2484 pus
758 2405 1104 2483 impinguat,
1133 2417 1191 2463 et
1216 2405 1517 2464 robustum
1556 2407 1817 2484 beneque
1859 2409 2179 2468 coloratum
2219 2410 2307 2468 ef-

618 2489 759 2548 ficit.

702 2571 969 2630 Alterum
1018 2582 1377 2650 praeceptum
1425 2579 1530 2630 est.
1616 2573 2054 2631 Nutrimentum
2110 2569 2312 2628 infan-

620 2660 747 2714 tum
792 2652 965 2710 debet
1006 2670 1127 2710 esse
1172 2680 1344 2723 amnon,
1387 2653 1451 2712 id
1499 2662 1603 2721 est,
1633 2655 1749 2712 vini
1797 2674 2036 2731 expers:
2094 2653 2312 2730 quibus

620 2738 809 2796 verbis
836 2735 1063 2795 videtur
1088 2735 1232 2794 velle
1272 2756 1507 2795 monere
1539 2751 1752 2794 matres
1777 2751 1838 2796 et
1863 2739 2135 2805 nutrices,
2161 2734 2315 2794 dum

621 2821 845 2878 lactant
872 2818 1141 2887 infantes,
1170 2838 1288 2877 non
1319 2819 1528 2878 debere
1555 2821 1794 2896 copioso
1820 2821 1953 2878 vino
1995 2821 2112 2877 uti:
2155 2839 2315 2894 quo·

622 2905 781 2960 niam
817 2898 951 2958 inde
980 2902 1067 2957 lac
1097 2919 1326 2977 quoque
1353 2899 1598 2960 calidius
1625 2901 1919 2960 redditur:
1968 2895 2122 2960 unde
2149 2905 2318 2958 varia

624 2985 688 3040 in
726 2984 839 3040 illis
874 2992 1235 3056 generantur
1252 3005 1538 3056 ιοσηματα,
1568 2982 1628 3041 id
1655 2993 1762 3053 est,
1789 2984 2016 3045 morbi:
2056 2999 2317 3061 praeser·

592 3115 599 3120 .
624 3069 731 3126 tim
757 3082 895 3122 cum
924 3065 1031 3138 ipsi
1062 3063 1320 3140 alioquin
1349 3066 1540 3121 calore
1567 3066 1887 3126 abundent.

629 3147 794 3203 Quod
820 3156 897 3201 est
922 3147 1149 3202 alterum
1166 3159 1496 3218 preceptum
1533 3149 1687 3206 circa
1713 3150 2090 3208 educationem
2115 3148 2318 3218 insan-

1182 3237 1295 3281 tum
1321 3225 1708 3286 observandum
1727 3238 1757 3290 f

321 3307 431 3382 'Eri
460 3307 516 3377 δὴ
584 3352 593 3362 .
702 3307 972 3367 Alterum
1019 3316 1376 3383 proeceptum
1416 3312 1669 3384 pertinet
1710 3337 1828 3393 ςςος
1865 3338 1953 3375 rm
1991 3332 2196 3384 κίνησιν,
2239 3312 2321 3370 ad

322 3412 411 3448 και
436 3417 571 3459 um,-
622 3401 843 3450 motum
872 3394 1155 3466 corporis.
1221 3389 1480 3467 Corpora
1509 3391 1796 3452 infantum
1823 3394 2124 3452 moderato
2147 3407 2324 3452 motu

324 3502 426 3539 σιις
453 3474 575 3535 ὅσα
624 3490 761 3534 sunt
786 3471 1126 3538 exercenda,
1155 3483 1222 3532 ut
1256 3473 1416 3532 calor
1450 3475 1677 3533 nativus
1719 3478 1782 3534 in
1827 3477 1940 3534 illis
1979 3479 2270 3534 excitetur
2297 3497 2324 3536 ε

319 3555 592 3631 intexe-m.
624 3566 687 3613 et
711 3558 899 3617 vitiosi
924 3557 1209 3623 humoreS,
1238 3555 1450 3639 quibus
1477 3556 1800 3637 plerunque
1827 3557 2146 3627 abundant,
2189 3556 2326 3618 dis-
