<?xml version="1.0" encoding="UTF-8"?>
<!DOCTYPE html PUBLIC "-//W3C//DTD XHTML 1.0 Transitional//EN"
    "http://www.w3.org/TR/xhtml1/DTD/xhtml1-transitional.dtd">
<html xmlns="http://www.w3.org/1999/xhtml" xml:lang="en" lang="en">
 <head>
  <title>
</title>
<meta http-equiv="Content-Type" content="text/html;charset=utf-8" />
  <meta name='ocr-system' content='tesseract 3.04.00' />
  <meta name='ocr-capabilities' content='ocr_page ocr_carea ocr_par ocr_line ocrx_word'/>
</head>
<body>
  <div class='ocr_page' id='page_1' title='image "./epitomedoctrina00goligoog_0295.png"; bbox 0 0 2517 4100; ppageno 0'>
   <div class='ocr_carea' id='block_1_1' title="bbox 867 246 1921 311">
    <p class='ocr_par' dir='ltr' id='par_1_1' title="bbox 867 246 1921 311">
     <span class='ocr_line' id='line_1_1' title="bbox 867 246 1921 311; baseline 0 -1"><span class='ocrx_word' id='word_1_1' title='bbox 867 247 1106 310; x_wconf 82' lang='lat' dir='ltr'><strong>LIBER</strong></span> <span class='ocrx_word' id='word_1_2' title='bbox 1146 246 1284 311; x_wconf 84' lang='lat' dir='ltr'><strong>vn.</strong></span> <span class='ocrx_word' id='word_1_3' title='bbox 1807 256 1921 310; x_wconf 79' lang='lat'><strong>281</strong></span> 
     </span>
    </p>
   </div>
   <div class='ocr_carea' id='block_1_2' title="bbox 237 412 1958 2120">
    <p class='ocr_par' dir='ltr' id='par_1_2' title="bbox 237 412 1928 1148">
     <span class='ocr_line' id='line_1_2' title="bbox 237 412 1928 494; baseline 0.006 -27"><span class='ocrx_word' id='word_1_4' title='bbox 237 412 814 488; x_wconf 82' lang='lat' dir='ltr'><strong>quinquagesimum.</strong></span> <span class='ocrx_word' id='word_1_5' title='bbox 897 412 1063 474; x_wconf 88' lang='lat' dir='ltr'><strong>Plato</strong></span> <span class='ocrx_word' id='word_1_6' title='bbox 1087 413 1222 474; x_wconf 75' lang='lat' dir='ltr'><strong>vero</strong></span> <span class='ocrx_word' id='word_1_7' title='bbox 1264 415 1327 472; x_wconf 90' lang='lat' dir='ltr'><strong>in</strong></span> <span class='ocrx_word' id='word_1_8' title='bbox 1364 413 1467 478; x_wconf 83' lang='lat' dir='ltr'><strong>lib.</strong></span> <span class='ocrx_word' id='word_1_9' title='bbox 1496 421 1556 473; x_wconf 88' lang='lat'><strong>5.</strong></span> <span class='ocrx_word' id='word_1_10' title='bbox 1598 413 1671 474; x_wconf 89' lang='lat' dir='ltr'><strong>de</strong></span> <span class='ocrx_word' id='word_1_11' title='bbox 1700 415 1928 494; x_wconf 86' lang='lat' dir='ltr'><strong>Repub.</strong></span> 
     </span>
     <span class='ocr_line' id='line_1_3' title="bbox 243 495 1927 591; baseline 0.004 -39"><span class='ocrx_word' id='word_1_12' title='bbox 243 495 414 552; x_wconf 81' lang='lat' dir='ltr'><strong>aliter</strong></span> <span class='ocrx_word' id='word_1_13' title='bbox 444 495 582 552; x_wconf 90' lang='lat' dir='ltr'><strong>istos</strong></span> <span class='ocrx_word' id='word_1_14' title='bbox 609 514 794 554; x_wconf 79' lang='lat' dir='ltr'><strong>annos</strong></span> <span class='ocrx_word' id='word_1_15' title='bbox 821 495 1040 557; x_wconf 84' lang='lat' dir='ltr'><strong>definit.</strong></span> <span class='ocrx_word' id='word_1_16' title='bbox 1119 499 1273 556; x_wconf 90' lang='lat' dir='ltr'><strong>Nam</strong></span> <span class='ocrx_word' id='word_1_17' title='bbox 1302 498 1437 554; x_wconf 83' lang='lat' dir='ltr'><strong>viris</strong></span> <span class='ocrx_word' id='word_1_18' title='bbox 1464 499 1790 591; x_wconf 61' lang='lat' dir='ltr'><strong>praescribit</strong></span> <span class='ocrx_word' id='word_1_19' title='bbox 1816 516 1927 558; x_wconf 86' lang='lat' dir='ltr'><strong>an-</strong></span> 
     </span>
     <span class='ocr_line' id='line_1_4' title="bbox 242 577 1925 659; baseline 0.005 -27"><span class='ocrx_word' id='word_1_20' title='bbox 242 593 390 634; x_wconf 90' lang='lat' dir='ltr'><strong>num</strong></span> <span class='ocrx_word' id='word_1_21' title='bbox 433 579 812 652; x_wconf 80' lang='lat' dir='ltr'><strong>trigesimum,</strong></span> <span class='ocrx_word' id='word_1_22' title='bbox 843 598 1021 655; x_wconf 79' lang='lat' dir='ltr'><strong>usque</strong></span> <span class='ocrx_word' id='word_1_23' title='bbox 1065 577 1139 636; x_wconf 90' lang='lat' dir='ltr'><strong>ad</strong></span> <span class='ocrx_word' id='word_1_24' title='bbox 1167 581 1716 656; x_wconf 80' lang='lat' dir='ltr'><strong>quinquagesimum</strong></span> <span class='ocrx_word' id='word_1_25' title='bbox 1752 583 1925 659; x_wconf 85' lang='lat' dir='ltr'><strong>quin-</strong></span> 
     </span>
     <span class='ocr_line' id='line_1_5' title="bbox 242 659 1927 739; baseline 0.005 -25"><span class='ocrx_word' id='word_1_26' title='bbox 242 665 408 717; x_wconf 89' lang='lat' dir='ltr'><strong>tum.</strong></span> <span class='ocrx_word' id='word_1_27' title='bbox 458 659 804 718; x_wconf 87' lang='lat' dir='ltr'><strong>Mulieribus</strong></span> <span class='ocrx_word' id='word_1_28' title='bbox 845 680 1060 725; x_wconf 81' lang='lat' dir='ltr'><strong>annum</strong></span> <span class='ocrx_word' id='word_1_29' title='bbox 1091 663 1445 739; x_wconf 81' lang='lat' dir='ltr'><strong>vigesimum</strong></span> <span class='ocrx_word' id='word_1_30' title='bbox 1467 681 1646 739; x_wconf 88' lang='lat' dir='ltr'><strong>usque</strong></span> <span class='ocrx_word' id='word_1_31' title='bbox 1673 662 1755 720; x_wconf 85' lang='lat' dir='ltr'><strong>ad</strong></span> <span class='ocrx_word' id='word_1_32' title='bbox 1780 681 1927 739; x_wconf 78' lang='lat' dir='ltr'><strong>qua·</strong></span> 
     </span>
     <span class='ocr_line' id='line_1_6' title="bbox 243 737 1925 824; baseline 0.005 -28"><span class='ocrx_word' id='word_1_33' title='bbox 243 737 655 818; x_wconf 83' lang='lat' dir='ltr'><strong>dragesimum.</strong></span> <span class='ocrx_word' id='word_1_34' title='bbox 743 742 1028 802; x_wconf 81' lang='lat' dir='ltr'>Hesiodus</span> <span class='ocrx_word' id='word_1_35' title='bbox 1057 745 1155 802; x_wconf 89' lang='lat' dir='ltr'><strong>lib.</strong></span> <span class='ocrx_word' id='word_1_36' title='bbox 1185 751 1242 803; x_wconf 72' lang='lat'><strong>2.</strong></span> <span class='ocrx_word' id='word_1_37' title='bbox 1274 769 1380 824; x_wconf 74' lang='grc' dir='ltr'><strong>ιςγ.</strong></span> <span class='ocrx_word' id='word_1_38' title='bbox 1410 763 1461 801; x_wconf 79' lang='lat' dir='ltr'><strong>v.</strong></span> <span class='ocrx_word' id='word_1_39' title='bbox 1493 752 1633 805; x_wconf 81' lang='grc'><strong>314.</strong></span> <span class='ocrx_word' id='word_1_40' title='bbox 1665 751 1803 804; x_wconf 77' lang='grc'><strong>816.</strong></span> <span class='ocrx_word' id='word_1_41' title='bbox 1824 747 1925 819; x_wconf 85' lang='lat' dir='ltr'><strong>ju·-</strong></span> 
     </span>
     <span class='ocr_line' id='line_1_7' title="bbox 240 821 1927 888; baseline 0.006 -10"><span class='ocrx_word' id='word_1_42' title='bbox 240 821 346 879; x_wconf 88' lang='lat' dir='ltr'><strong>bet</strong></span> <span class='ocrx_word' id='word_1_43' title='bbox 390 827 574 881; x_wconf 86' lang='lat' dir='ltr'><strong>virum</strong></span> <span class='ocrx_word' id='word_1_44' title='bbox 622 826 964 884; x_wconf 83' lang='lat' dir='ltr'>contrahere</span> <span class='ocrx_word' id='word_1_45' title='bbox 1016 828 1455 884; x_wconf 79' lang='lat' dir='ltr'><strong>matrimonium</strong></span> <span class='ocrx_word' id='word_1_46' title='bbox 1498 827 1655 884; x_wconf 88' lang='lat' dir='ltr'><strong>circa</strong></span> <span class='ocrx_word' id='word_1_47' title='bbox 1702 845 1927 888; x_wconf 87' lang='lat' dir='ltr'><strong>annum</strong></span> 
     </span>
     <span class='ocr_line' id='line_1_8' title="bbox 241 906 1925 982; baseline 0.006 -22"><span class='ocrx_word' id='word_1_48' title='bbox 241 906 642 982; x_wconf 80' lang='lat' dir='ltr'><strong>trigesimum·</strong></span> <span class='ocrx_word' id='word_1_49' title='bbox 691 910 994 968; x_wconf 88' lang='lat' dir='ltr'><strong>mulierem</strong></span> <span class='ocrx_word' id='word_1_50' title='bbox 1019 907 1152 967; x_wconf 76' lang='lat' dir='ltr'><strong>vero</strong></span> <span class='ocrx_word' id='word_1_51' title='bbox 1188 911 1345 966; x_wconf 84' lang='lat' dir='ltr'><strong>circa</strong></span> <span class='ocrx_word' id='word_1_52' title='bbox 1380 927 1599 968; x_wconf 88' lang='lat' dir='ltr'><strong>annum</strong></span> <span class='ocrx_word' id='word_1_53' title='bbox 1629 908 1925 972; x_wconf 83' lang='lat' dir='ltr'><strong>decimum</strong></span> 
     </span>
     <span class='ocr_line' id='line_1_9' title="bbox 244 989 536 1063; baseline 0.018 -20"><span class='ocrx_word' id='word_1_54' title='bbox 244 989 536 1063; x_wconf 89' lang='lat' dir='ltr'><strong>quintum.</strong></span> 
     </span>
     <span class='ocr_line' id='line_1_10' title="bbox 518 1073 1663 1148; baseline 0.002 -18"><span class='ocrx_word' id='word_1_55' title='bbox 518 1074 800 1133; x_wconf 66' lang='lat' dir='ltr'><strong>Quomodo</strong></span> <span class='ocrx_word' id='word_1_56' title='bbox 827 1073 970 1131; x_wconf 67' lang='lat' dir='ltr'><strong>lianc</strong></span> <span class='ocrx_word' id='word_1_57' title='bbox 995 1075 1311 1132; x_wconf 75' lang='lat' dir='ltr'><strong>sententiam</strong></span> <span class='ocrx_word' id='word_1_58' title='bbox 1336 1077 1615 1148; x_wconf 75' lang='lat' dir='ltr'><strong>confirmat</strong></span> <span class='ocrx_word' id='word_1_59' title='bbox 1634 1079 1663 1132; x_wconf 64' lang='grc' dir='ltr'><strong><em>ἓ</em></strong></span> 
     </span>
    </p>

    <p class='ocr_par' dir='ltr' id='par_1_3' title="bbox 244 1153 1958 2120">
     <span class='ocr_line' id='line_1_11' title="bbox 327 1153 1923 1254; baseline 0.003 -42"><span class='ocrx_word' id='word_1_60' title='bbox 327 1153 664 1226; x_wconf 81' lang='lat' dir='ltr'><strong>Aristoteles</strong></span> <span class='ocrx_word' id='word_1_61' title='bbox 698 1158 778 1214; x_wconf 90' lang='lat' dir='ltr'><strong>ait</strong></span> <span class='ocrx_word' id='word_1_62' title='bbox 806 1156 960 1212; x_wconf 89' lang='lat' dir='ltr'><strong>hanc</strong></span> <span class='ocrx_word' id='word_1_63' title='bbox 989 1175 1154 1216; x_wconf 84' lang='lat' dir='ltr'><strong>suam</strong></span> <span class='ocrx_word' id='word_1_64' title='bbox 1183 1159 1531 1216; x_wconf 83' lang='lat' dir='ltr'><strong>sententiam</strong></span> <span class='ocrx_word' id='word_1_65' title='bbox 1561 1157 1635 1218; x_wconf 87' lang='lat' dir='ltr'><strong>de</strong></span> <span class='ocrx_word' id='word_1_66' title='bbox 1661 1168 1923 1254; x_wconf 80' lang='lat' dir='ltr'><strong>tempore</strong></span> 
     </span>
     <span class='ocr_line' id='line_1_12' title="bbox 246 1236 1923 1316; baseline 0.007 -26"><span class='ocrx_word' id='word_1_67' title='bbox 246 1236 628 1295; x_wconf 84' lang='lat' dir='ltr'><strong>contrahendi</strong></span> <span class='ocrx_word' id='word_1_68' title='bbox 681 1240 1055 1308; x_wconf 83' lang='lat' dir='ltr'><strong>matrimonii,</strong></span> <span class='ocrx_word' id='word_1_69' title='bbox 1097 1240 1425 1296; x_wconf 87' lang='lat' dir='ltr'><strong>consentire</strong></span> <span class='ocrx_word' id='word_1_70' title='bbox 1466 1258 1603 1300; x_wconf 88' lang='lat' dir='ltr'><strong>cum</strong></span> <span class='ocrx_word' id='word_1_71' title='bbox 1648 1242 1923 1316; x_wconf 83' lang='lat' dir='ltr'><strong>opinione</strong></span> 
     </span>
     <span class='ocr_line' id='line_1_13' title="bbox 247 1309 1924 1398; baseline 0.005 -26"><span class='ocrx_word' id='word_1_72' title='bbox 247 1309 589 1390; x_wconf 75' lang='lat' dir='ltr'><strong>poetarum.</strong></span> <span class='ocrx_word' id='word_1_73' title='bbox 635 1325 732 1397; x_wconf 86' lang='lat' dir='ltr'><strong>qui</strong></span> <span class='ocrx_word' id='word_1_74' title='bbox 765 1329 964 1378; x_wconf 84' lang='lat' dir='ltr'><strong>aetates</strong></span> <span class='ocrx_word' id='word_1_75' title='bbox 992 1321 1293 1380; x_wconf 89' lang='lat' dir='ltr'><strong>hominum</strong></span> <span class='ocrx_word' id='word_1_76' title='bbox 1323 1339 1565 1378; x_wconf 91' lang='lat' dir='ltr'><strong>numero</strong></span> <span class='ocrx_word' id='word_1_77' title='bbox 1594 1325 1924 1398; x_wconf 79' lang='lat' dir='ltr'><strong>septenario</strong></span> 
     </span>
     <span class='ocr_line' id='line_1_14' title="bbox 249 1398 1923 1498; baseline 0.004 -45"><span class='ocrx_word' id='word_1_78' title='bbox 249 1398 672 1460; x_wconf 84' lang='lat' dir='ltr'><strong>distinxerunt.</strong></span> <span class='ocrx_word' id='word_1_79' title='bbox 718 1404 874 1460; x_wconf 86' lang='lat' dir='ltr'><strong>circa</strong></span> <span class='ocrx_word' id='word_1_80' title='bbox 901 1404 1006 1459; x_wconf 86' lang='lat' dir='ltr'><strong>hoc</strong></span> <span class='ocrx_word' id='word_1_81' title='bbox 1035 1405 1192 1462; x_wconf 88' lang='lat' dir='ltr'><strong>enim</strong></span> <span class='ocrx_word' id='word_1_82' title='bbox 1233 1415 1483 1479; x_wconf 86' lang='lat' dir='ltr'><strong>tempus,</strong></span> <span class='ocrx_word' id='word_1_83' title='bbox 1513 1400 1876 1498; x_wconf 84' lang='lat' dir='ltr'><strong>plerunque</strong></span> <span class='ocrx_word' id='word_1_84' title='bbox 1864 1423 1923 1460; x_wconf 79' lang='lat' dir='ltr'><strong>in</strong></span> 
     </span>
     <span class='ocr_line' id='line_1_15' title="bbox 244 1483 1924 1562; baseline 0.003 -25"><span class='ocrx_word' id='word_1_85' title='bbox 244 1483 587 1556; x_wconf 76' lang='lat' dir='ltr'><strong>corporibus</strong></span> <span class='ocrx_word' id='word_1_86' title='bbox 613 1485 945 1542; x_wconf 86' lang='lat' dir='ltr'><strong>hominum:</strong></span> <span class='ocrx_word' id='word_1_87' title='bbox 992 1485 1184 1561; x_wconf 89' lang='lat' dir='ltr'><strong>quoad</strong></span> <span class='ocrx_word' id='word_1_88' title='bbox 1211 1484 1620 1552; x_wconf 86' lang='lat' dir='ltr'><strong>valetudinem,</strong></span> <span class='ocrx_word' id='word_1_89' title='bbox 1649 1487 1924 1562; x_wconf 84' lang='lat' dir='ltr'><strong>vigorem,</strong></span> 
     </span>
     <span class='ocr_line' id='line_1_16' title="bbox 246 1565 1927 1644; baseline 0.005 -26"><span class='ocrx_word' id='word_1_90' title='bbox 246 1577 304 1622; x_wconf 90' lang='lat' dir='ltr'><strong>et</strong></span> <span class='ocrx_word' id='word_1_91' title='bbox 335 1565 506 1626; x_wconf 77' lang='lat' dir='ltr'><strong>robur</strong></span> <span class='ocrx_word' id='word_1_92' title='bbox 533 1571 790 1642; x_wconf 84' lang='lat' dir='ltr'><strong>corporis</strong></span> <span class='ocrx_word' id='word_1_93' title='bbox 817 1569 1042 1636; x_wconf 79' lang='lat' dir='ltr'><strong>attinet,</strong></span> <span class='ocrx_word' id='word_1_94' title='bbox 1062 1569 1416 1644; x_wconf 84' lang='lat' dir='ltr'><strong>conspicitur</strong></span> <span class='ocrx_word' id='word_1_95' title='bbox 1444 1569 1643 1644; x_wconf 85' lang='lat' dir='ltr'><strong>aliqua</strong></span> <span class='ocrx_word' id='word_1_96' title='bbox 1668 1570 1927 1626; x_wconf 86' lang='lat' dir='ltr'><strong>mutatio.</strong></span> 
     </span>
     <span class='ocr_line' id='line_1_17' title="bbox 248 1646 1927 1726; baseline 0.005 -26"><span class='ocrx_word' id='word_1_97' title='bbox 248 1646 494 1706; x_wconf 89' lang='lat' dir='ltr'><strong>Videtur</strong></span> <span class='ocrx_word' id='word_1_98' title='bbox 545 1658 738 1712; x_wconf 87' lang='lat' dir='ltr'><strong>autem</strong></span> <span class='ocrx_word' id='word_1_99' title='bbox 790 1651 1108 1726; x_wconf 85' lang='lat' dir='ltr'><strong>intelligere</strong></span> <span class='ocrx_word' id='word_1_100' title='bbox 1155 1652 1429 1714; x_wconf 85' lang='lat' dir='ltr'><strong>Solonem</strong></span> <span class='ocrx_word' id='word_1_101' title='bbox 1454 1669 1467 1706; x_wconf 73' lang='grc' dir='ltr'>ε</span> <span class='ocrx_word' id='word_1_102' title='bbox 1526 1652 1689 1722; x_wconf 86' lang='lat' dir='ltr'><strong>cujus</strong></span> <span class='ocrx_word' id='word_1_103' title='bbox 1736 1668 1927 1709; x_wconf 88' lang='lat' dir='ltr'><strong>versus</strong></span> 
     </span>
     <span class='ocr_line' id='line_1_18' title="bbox 249 1727 1958 1809; baseline 0.003 -23"><span class='ocrx_word' id='word_1_104' title='bbox 249 1727 322 1788; x_wconf 87' lang='lat' dir='ltr'><strong>de</strong></span> <span class='ocrx_word' id='word_1_105' title='bbox 359 1731 468 1788; x_wconf 90' lang='lat' dir='ltr'><strong>hac</strong></span> <span class='ocrx_word' id='word_1_106' title='bbox 511 1751 570 1788; x_wconf 88' lang='lat' dir='ltr'><strong>re</strong></span> <span class='ocrx_word' id='word_1_107' title='bbox 611 1742 812 1792; x_wconf 82' lang='lat' dir='ltr'><strong>extant</strong></span> <span class='ocrx_word' id='word_1_108' title='bbox 848 1733 1004 1809; x_wconf 86' lang='lat' dir='ltr'><strong>apud</strong></span> <span class='ocrx_word' id='word_1_109' title='bbox 1037 1733 1399 1791; x_wconf 86' lang='lat' dir='ltr'><strong>Clementem</strong></span> <span class='ocrx_word' id='word_1_110' title='bbox 1422 1730 1923 1791; x_wconf 83' lang='lat' dir='ltr'><strong>Alexandrinum:</strong></span> <span class='ocrx_word' id='word_1_111' title='bbox 1952 1736 1958 1746; x_wconf 83' lang='lat'>&#39;</span> 
     </span>
     <span class='ocr_line' id='line_1_19' title="bbox 251 1812 1928 1891; baseline 0.003 -25"><span class='ocrx_word' id='word_1_112' title='bbox 251 1812 552 1888; x_wconf 79' lang='lat' dir='ltr'><strong>inquibus</strong></span> <span class='ocrx_word' id='word_1_113' title='bbox 575 1827 716 1874; x_wconf 83' lang='lat' dir='ltr'><strong>aetas</strong></span> <span class='ocrx_word' id='word_1_114' title='bbox 744 1815 1046 1872; x_wconf 89' lang='lat' dir='ltr'><strong>hominum</strong></span> <span class='ocrx_word' id='word_1_115' title='bbox 1076 1815 1451 1891; x_wconf 84' lang='lat' dir='ltr'><strong>distinguitur</strong></span> <span class='ocrx_word' id='word_1_116' title='bbox 1471 1816 1531 1874; x_wconf 86' lang='lat' dir='ltr'><strong>in</strong></span> <span class='ocrx_word' id='word_1_117' title='bbox 1561 1813 1763 1873; x_wconf 89' lang='lat' dir='ltr'><strong>decem</strong></span> <span class='ocrx_word' id='word_1_118' title='bbox 1792 1833 1928 1890; x_wconf 86' lang='lat' dir='ltr'><strong>sep·</strong></span> 
     </span>
     <span class='ocr_line' id='line_1_20' title="bbox 251 1895 1930 1972; baseline 0.002 -22"><span class='ocrx_word' id='word_1_119' title='bbox 251 1897 503 1954; x_wconf 85' lang='lat' dir='ltr'><strong>tenarios</strong></span> <span class='ocrx_word' id='word_1_120' title='bbox 528 1915 544 1954; x_wconf 75' lang='grc' dir='ltr'><strong>ι</strong></span> <span class='ocrx_word' id='word_1_121' title='bbox 613 1898 888 1954; x_wconf 85' lang='lat' dir='ltr'><strong>nimirum</strong></span> <span class='ocrx_word' id='word_1_122' title='bbox 945 1915 1124 1972; x_wconf 90' lang='lat' dir='ltr'><strong>usque</strong></span> <span class='ocrx_word' id='word_1_123' title='bbox 1177 1895 1252 1952; x_wconf 84' lang='lat' dir='ltr'><strong>ad</strong></span> <span class='ocrx_word' id='word_1_124' title='bbox 1308 1914 1523 1956; x_wconf 88' lang='lat' dir='ltr'><strong>annum</strong></span> <span class='ocrx_word' id='word_1_125' title='bbox 1578 1895 1771 1954; x_wconf 86' lang='lat' dir='ltr'>LXX.</span> <span class='ocrx_word' id='word_1_126' title='bbox 1854 1897 1930 1954; x_wconf 90' lang='lat' dir='ltr'><strong>Et</strong></span> 
     </span>
     <span class='ocr_line' id='line_1_21' title="bbox 253 1974 1929 2055; baseline 0.001 -21"><span class='ocrx_word' id='word_1_127' title='bbox 253 1977 396 2053; x_wconf 88' lang='lat' dir='ltr'><strong>quid</strong></span> <span class='ocrx_word' id='word_1_128' title='bbox 426 1978 668 2054; x_wconf 84' lang='lat' dir='ltr'><strong>singulis</strong></span> <span class='ocrx_word' id='word_1_129' title='bbox 693 1978 803 2036; x_wconf 87' lang='lat' dir='ltr'><strong>illis</strong></span> <span class='ocrx_word' id='word_1_130' title='bbox 831 1979 1170 2054; x_wconf 78' lang='lat' dir='ltr'><strong>septenariis</strong></span> <span class='ocrx_word' id='word_1_131' title='bbox 1211 1974 1446 2055; x_wconf 70' lang='lat' dir='ltr'><strong>proprie</strong></span> <span class='ocrx_word' id='word_1_132' title='bbox 1486 1979 1929 2046; x_wconf 71' lang='lat' dir='ltr'><strong>conveniat„os·</strong></span> 
     </span>
     <span class='ocr_line' id='line_1_22' title="bbox 251 2059 1624 2120; baseline 0.001 -4"><span class='ocrx_word' id='word_1_133' title='bbox 251 2059 528 2119; x_wconf 84' lang='lat' dir='ltr'><strong>tenditur.</strong></span> <span class='ocrx_word' id='word_1_134' title='bbox 614 2062 825 2120; x_wconf 82' lang='lat' dir='ltr'><strong>Versus</strong></span> <span class='ocrx_word' id='word_1_135' title='bbox 854 2060 914 2116; x_wconf 88' lang='lat' dir='ltr'><strong>bi</strong></span> <span class='ocrx_word' id='word_1_136' title='bbox 943 2070 1079 2117; x_wconf 87' lang='lat' dir='ltr'><strong>sunt</strong></span> <span class='ocrx_word' id='word_1_137' title='bbox 1105 2080 1178 2117; x_wconf 84' lang='lat' dir='ltr'><strong>ex</strong></span> <span class='ocrx_word' id='word_1_138' title='bbox 1205 2066 1265 2119; x_wconf 87' lang='grc'><strong>6.</strong></span> <span class='ocrx_word' id='word_1_139' title='bbox 1296 2059 1399 2118; x_wconf 91' lang='lat' dir='ltr'><strong>lib.</strong></span> <span class='ocrx_word' id='word_1_140' title='bbox 1425 2070 1624 2118; x_wconf 86' lang='lat' dir='ltr'><strong>strom.</strong></span> 
     </span>
    </p>
   </div>
   <div class='ocr_carea' id='block_1_3' title="bbox 362 2155 1865 3331">
    <p class='ocr_par' dir='ltr' id='par_1_4' title="bbox 362 2155 1865 3331">
     <span class='ocr_line' id='line_1_23' title="bbox 381 2155 1659 2219; baseline 0 -14"><span class='ocrx_word' id='word_1_141' title='bbox 381 2158 556 2206; x_wconf 79' lang='lat' dir='ltr'><strong>Infans</strong></span> <span class='ocrx_word' id='word_1_142' title='bbox 575 2166 818 2219; x_wconf 86' lang='lat' dir='ltr'><strong>septenos</strong></span> <span class='ocrx_word' id='word_1_143' title='bbox 842 2162 1114 2218; x_wconf 78' lang='lat' dir='ltr'><strong>postquam</strong></span> <span class='ocrx_word' id='word_1_144' title='bbox 1138 2155 1478 2217; x_wconf 78' lang='lat' dir='ltr'><strong>compleverit</strong></span> <span class='ocrx_word' id='word_1_145' title='bbox 1500 2172 1659 2205; x_wconf 81' lang='lat' dir='ltr'><strong>annos</strong></span> 
     </span>
     <span class='ocr_line' id='line_1_24' title="bbox 445 2223 1469 2273; baseline -0.003 -1"><span class='ocrx_word' id='word_1_146' title='bbox 445 2226 684 2273; x_wconf 81' lang='lat' dir='ltr'><strong>Producti</strong></span> <span class='ocrx_word' id='word_1_147' title='bbox 709 2224 884 2271; x_wconf 86' lang='lat' dir='ltr'><strong>dentes</strong></span> <span class='ocrx_word' id='word_1_148' title='bbox 909 2223 1076 2271; x_wconf 83' lang='lat' dir='ltr'><strong>vallus</strong></span> <span class='ocrx_word' id='word_1_149' title='bbox 1103 2233 1162 2271; x_wconf 89' lang='lat' dir='ltr'><strong>ut</strong></span> <span class='ocrx_word' id='word_1_150' title='bbox 1182 2225 1282 2271; x_wconf 82' lang='lat' dir='ltr'><strong>oris</strong></span> <span class='ocrx_word' id='word_1_151' title='bbox 1306 2233 1469 2271; x_wconf 86' lang='lat' dir='ltr'><strong>erunt.</strong></span> 
     </span>
     <span class='ocr_line' id='line_1_25' title="bbox 379 2288 1865 2365; baseline 0.001 -26"><span class='ocrx_word' id='word_1_152' title='bbox 379 2294 664 2353; x_wconf 87' lang='lat' dir='ltr'><strong>Postquam</strong></span> <span class='ocrx_word' id='word_1_153' title='bbox 689 2300 883 2352; x_wconf 82' lang='lat' dir='ltr'><strong>septem</strong></span> <span class='ocrx_word' id='word_1_154' title='bbox 909 2291 1040 2337; x_wconf 83' lang='lat' dir='ltr'><strong>alios</strong></span> <span class='ocrx_word' id='word_1_155' title='bbox 1063 2291 1195 2339; x_wconf 88' lang='lat' dir='ltr'><strong>Deus</strong></span> <span class='ocrx_word' id='word_1_156' title='bbox 1221 2288 1341 2337; x_wconf 86' lang='lat' dir='ltr'><strong>huic</strong></span> <span class='ocrx_word' id='word_1_157' title='bbox 1366 2290 1669 2339; x_wconf 85' lang='lat' dir='ltr'><strong>concesserit</strong></span> <span class='ocrx_word' id='word_1_158' title='bbox 1690 2307 1865 2365; x_wconf 77' lang='lat' dir='ltr'><strong>anuos,</strong></span> 
     </span>
     <span class='ocr_line' id='line_1_26' title="bbox 450 2356 1587 2419; baseline -0.001 -15"><span class='ocrx_word' id='word_1_159' title='bbox 450 2359 523 2405; x_wconf 87' lang='lat' dir='ltr'><strong>Fit</strong></span> <span class='ocrx_word' id='word_1_160' title='bbox 545 2361 706 2419; x_wconf 85' lang='lat' dir='ltr'><strong>pubes</strong></span> <span class='ocrx_word' id='word_1_161' title='bbox 730 2370 1003 2418; x_wconf 83' lang='lat' dir='ltr'><strong>semenque</strong></span> <span class='ocrx_word' id='word_1_162' title='bbox 1026 2356 1144 2403; x_wconf 88' lang='lat' dir='ltr'><strong>huic</strong></span> <span class='ocrx_word' id='word_1_163' title='bbox 1168 2356 1395 2416; x_wconf 84' lang='lat' dir='ltr'><strong>genitale</strong></span> <span class='ocrx_word' id='word_1_164' title='bbox 1419 2356 1587 2405; x_wconf 88' lang='lat' dir='ltr'><strong>datur.</strong></span> 
     </span>
     <span class='ocr_line' id='line_1_27' title="bbox 380 2422 1789 2498; baseline -0.001 -25"><span class='ocrx_word' id='word_1_165' title='bbox 380 2424 569 2473; x_wconf 72' lang='lat' dir='ltr'><strong>Verum</strong></span> <span class='ocrx_word' id='word_1_166' title='bbox 591 2429 786 2485; x_wconf 84' lang='lat' dir='ltr'><strong>septem</strong></span> <span class='ocrx_word' id='word_1_167' title='bbox 809 2424 938 2470; x_wconf 79' lang='lat' dir='ltr'><strong>alios</strong></span> <span class='ocrx_word' id='word_1_168' title='bbox 957 2429 1230 2498; x_wconf 80' lang='lat' dir='ltr'><strong>postquam</strong></span> <span class='ocrx_word' id='word_1_169' title='bbox 1256 2422 1588 2481; x_wconf 81' lang='lat' dir='ltr'><strong>compleverit</strong></span> <span class='ocrx_word' id='word_1_170' title='bbox 1608 2437 1789 2484; x_wconf 83' lang='lat' dir='ltr'><strong>annos,</strong></span> 
     </span>
     <span class='ocr_line' id='line_1_28' title="bbox 448 2488 1583 2549; baseline -0.001 -13"><span class='ocrx_word' id='word_1_171' title='bbox 448 2494 618 2537; x_wconf 86' lang='lat' dir='ltr'><strong>Densa</strong></span> <span class='ocrx_word' id='word_1_172' title='bbox 642 2502 790 2549; x_wconf 78' lang='lat' dir='ltr'><strong>seges</strong></span> <span class='ocrx_word' id='word_1_173' title='bbox 815 2490 984 2535; x_wconf 81' lang='lat' dir='ltr'><strong>barbae</strong></span> <span class='ocrx_word' id='word_1_174' title='bbox 1008 2488 1234 2545; x_wconf 80' lang='lat' dir='ltr'><strong>contegit</strong></span> <span class='ocrx_word' id='word_1_175' title='bbox 1255 2494 1389 2543; x_wconf 84' lang='lat' dir='ltr'><strong>orta,</strong></span> <span class='ocrx_word' id='word_1_176' title='bbox 1412 2502 1583 2546; x_wconf 82' lang='lat' dir='ltr'><strong>genas.</strong></span> 
     </span>
     <span class='ocr_line' id='line_1_29' title="bbox 382 2552 1459 2613; baseline -0.004 -8"><span class='ocrx_word' id='word_1_177' title='bbox 382 2556 602 2605; x_wconf 80' lang='lat' dir='ltr'><strong>Additus</strong></span> <span class='ocrx_word' id='word_1_178' title='bbox 624 2562 702 2602; x_wconf 88' lang='lat' dir='ltr'><strong>est</strong></span> <span class='ocrx_word' id='word_1_179' title='bbox 723 2554 802 2601; x_wconf 88' lang='lat' dir='ltr'><strong>illi</strong></span> <span class='ocrx_word' id='word_1_180' title='bbox 824 2568 940 2601; x_wconf 87' lang='lat' dir='ltr'><strong>oum</strong></span> <span class='ocrx_word' id='word_1_181' title='bbox 966 2552 1287 2613; x_wconf 79' lang='lat' dir='ltr'><strong>septenarius</strong></span> <span class='ocrx_word' id='word_1_182' title='bbox 1310 2552 1459 2611; x_wconf 80' lang='lat' dir='ltr'><strong>alter,</strong></span> 
     </span>
     <span class='ocr_line' id='line_1_30' title="bbox 451 2616 1437 2679; baseline -0.002 -12"><span class='ocrx_word' id='word_1_183' title='bbox 451 2621 542 2668; x_wconf 89' lang='lat' dir='ltr'><strong>Vir</strong></span> <span class='ocrx_word' id='word_1_184' title='bbox 565 2630 676 2667; x_wconf 87' lang='lat' dir='ltr'><strong>tum</strong></span> <span class='ocrx_word' id='word_1_185' title='bbox 703 2618 905 2665; x_wconf 85' lang='lat' dir='ltr'><strong>virtutis</strong></span> <span class='ocrx_word' id='word_1_186' title='bbox 927 2617 1084 2665; x_wconf 80' lang='lat' dir='ltr'><strong>fortia</strong></span> <span class='ocrx_word' id='word_1_187' title='bbox 1107 2618 1251 2679; x_wconf 83' lang='lat' dir='ltr'><strong>signa</strong></span> <span class='ocrx_word' id='word_1_188' title='bbox 1277 2616 1437 2665; x_wconf 84' lang='lat' dir='ltr'><strong>dabit.</strong></span> 
     </span>
     <span class='ocr_line' id='line_1_31' title="bbox 362 2683 1669 2745; baseline -0.002 -12"><span class='ocrx_word' id='word_1_189' title='bbox 362 2688 483 2737; x_wconf 87' lang='lat' dir='ltr'><strong>·Sed</strong></span> <span class='ocrx_word' id='word_1_190' title='bbox 511 2693 679 2734; x_wconf 86' lang='lat' dir='ltr'><strong>monet</strong></span> <span class='ocrx_word' id='word_1_191' title='bbox 701 2683 976 2731; x_wconf 83' lang='lat' dir='ltr'><strong>adveniens</strong></span> <span class='ocrx_word' id='word_1_192' title='bbox 1001 2698 1206 2731; x_wconf 86' lang='lat' dir='ltr'><strong>uxorem</strong></span> <span class='ocrx_word' id='word_1_193' title='bbox 1231 2684 1419 2731; x_wconf 83' lang='lat' dir='ltr'><strong>ducere</strong></span> <span class='ocrx_word' id='word_1_194' title='bbox 1440 2683 1669 2745; x_wconf 82' lang='lat' dir='ltr'><strong>quintus,</strong></span> 
     </span>
     <span class='ocr_line' id='line_1_32' title="bbox 457 2748 1614 2799; baseline -0.002 0"><span class='ocrx_word' id='word_1_195' title='bbox 457 2750 775 2799; x_wconf 76' lang='lat' dir='ltr'><strong>posteritatis</strong></span> <span class='ocrx_word' id='word_1_196' title='bbox 799 2758 852 2798; x_wconf 90' lang='lat' dir='ltr'><strong>et</strong></span> <span class='ocrx_word' id='word_1_197' title='bbox 873 2755 1008 2797; x_wconf 89' lang='lat' dir='ltr'><strong>hunc</strong></span> <span class='ocrx_word' id='word_1_198' title='bbox 1031 2758 1152 2797; x_wconf 88' lang='lat' dir='ltr'><strong>tunc</strong></span> <span class='ocrx_word' id='word_1_199' title='bbox 1176 2748 1471 2796; x_wconf 84' lang='lat' dir='ltr'><strong>meminisse</strong></span> <span class='ocrx_word' id='word_1_200' title='bbox 1492 2764 1614 2797; x_wconf 80' lang='lat' dir='ltr'><strong>suoe.</strong></span> 
     </span>
     <span class='ocr_line' id='line_1_33' title="bbox 382 2816 1679 2879; baseline -0.006 -10"><span class='ocrx_word' id='word_1_201' title='bbox 382 2818 552 2869; x_wconf 84' lang='lat' dir='ltr'><strong>Solers</strong></span> <span class='ocrx_word' id='word_1_202' title='bbox 573 2818 849 2879; x_wconf 76' lang='lat' dir='ltr'><strong>ingenium,</strong></span> <span class='ocrx_word' id='word_1_203' title='bbox 873 2817 1023 2863; x_wconf 81' lang='lat' dir='ltr'><strong>firma</strong></span> <span class='ocrx_word' id='word_1_204' title='bbox 1045 2823 1100 2863; x_wconf 91' lang='lat' dir='ltr'><strong>et</strong></span> <span class='ocrx_word' id='word_1_205' title='bbox 1119 2816 1397 2876; x_wconf 83' lang='lat' dir='ltr'><strong>prudentia</strong></span> <span class='ocrx_word' id='word_1_206' title='bbox 1418 2824 1563 2863; x_wconf 79' lang='lat' dir='ltr'><strong>sexto</strong></span> <span class='ocrx_word' id='word_1_207' title='bbox 1574 2822 1679 2875; x_wconf 77' lang='lat' dir='ltr'><strong>est,</strong></span> 
     </span>
     <span class='ocr_line' id='line_1_34' title="bbox 455 2880 1659 2943; baseline -0.002 -9.997"><span class='ocrx_word' id='word_1_208' title='bbox 455 2886 624 2933; x_wconf 84' lang='lat' dir='ltr'><strong>Stulta</strong></span> <span class='ocrx_word' id='word_1_209' title='bbox 643 2898 736 2933; x_wconf 87' lang='lat' dir='ltr'><strong>nec</strong></span> <span class='ocrx_word' id='word_1_210' title='bbox 757 2886 850 2932; x_wconf 86' lang='lat' dir='ltr'><strong>hoc</strong></span> <span class='ocrx_word' id='word_1_211' title='bbox 873 2882 1119 2943; x_wconf 85' lang='lat' dir='ltr'><strong>deinceps</strong></span> <span class='ocrx_word' id='word_1_212' title='bbox 1142 2882 1282 2929; x_wconf 84' lang='lat' dir='ltr'><strong>facta</strong></span> <span class='ocrx_word' id='word_1_213' title='bbox 1305 2882 1472 2931; x_wconf 86' lang='lat' dir='ltr'><strong>videre</strong></span> <span class='ocrx_word' id='word_1_214' title='bbox 1487 2880 1659 2941; x_wconf 80' lang='lat' dir='ltr'><strong>juvat.</strong></span> 
     </span>
     <span class='ocr_line' id='line_1_35' title="bbox 389 2948 1570 3026; baseline -0.005 -25"><span class='ocrx_word' id='word_1_215' title='bbox 389 2950 641 3013; x_wconf 87' lang='lat' dir='ltr'><strong>Septimus</strong></span> <span class='ocrx_word' id='word_1_216' title='bbox 665 2949 882 2999; x_wconf 85' lang='lat' dir='ltr'><strong>accessit</strong></span> <span class='ocrx_word' id='word_1_217' title='bbox 901 2964 1021 2997; x_wconf 87' lang='lat' dir='ltr'><strong>cum·</strong></span> <span class='ocrx_word' id='word_1_218' title='bbox 1046 2948 1391 3026; x_wconf 80' lang='lat' dir='ltr'><strong>septenarius,</strong></span> <span class='ocrx_word' id='word_1_219' title='bbox 1414 2957 1570 3009; x_wconf 85' lang='lat' dir='ltr'><strong>atque</strong></span> 
     </span>
     <span class='ocr_line' id='line_1_36' title="bbox 454 3015 1553 3092; baseline -0.005 -26"><span class='ocrx_word' id='word_1_220' title='bbox 454 3020 679 3066; x_wconf 83' lang='lat' dir='ltr'><strong>Octavus</strong></span> <span class='ocrx_word' id='word_1_221' title='bbox 704 3016 885 3077; x_wconf 85' lang='lat' dir='ltr'><strong>lingua</strong></span> <span class='ocrx_word' id='word_1_222' title='bbox 909 3016 1073 3076; x_wconf 86' lang='lat' dir='ltr'><strong>pollet</strong></span> <span class='ocrx_word' id='word_1_223' title='bbox 1094 3022 1145 3062; x_wconf 90' lang='lat' dir='ltr'><strong>et</strong></span> <span class='ocrx_word' id='word_1_224' title='bbox 1146 3015 1389 3092; x_wconf 85' lang='lat' dir='ltr'><strong>ingenio.</strong></span> <span class='ocrx_word' id='word_1_225' title='bbox 1550 3030 1553 3036; x_wconf 93' lang='lat'>·</span> 
     </span>
     <span class='ocr_line' id='line_1_37' title="bbox 387 3074 1765 3146; baseline -0.001 -15"><span class='ocrx_word' id='word_1_226' title='bbox 387 3086 534 3132; x_wconf 85' lang='lat' dir='ltr'><strong>Nono</strong></span> <span class='ocrx_word' id='word_1_227' title='bbox 560 3084 752 3146; x_wconf 84' lang='lat' dir='ltr'><strong>aliquid</strong></span> <span class='ocrx_word' id='word_1_228' title='bbox 779 3090 1013 3143; x_wconf 85' lang='lat' dir='ltr'><strong>possunt,</strong></span> <span class='ocrx_word' id='word_1_229' title='bbox 1038 3074 1163 3129; x_wconf 89' lang='lat' dir='ltr'><strong>sed</strong></span> <span class='ocrx_word' id='word_1_230' title='bbox 1143 3096 1253 3142; x_wconf 79' lang='lat' dir='ltr'><strong>Jam</strong></span> <span class='ocrx_word' id='word_1_231' title='bbox 1278 3080 1615 3129; x_wconf 78' lang='lat' dir='ltr'><strong>minuuntur&#39;</strong></span> <span class='ocrx_word' id='word_1_232' title='bbox 1601 3098 1663 3135; x_wconf 84' lang='grc' dir='ltr'><strong>ιιι</strong></span> <span class='ocrx_word' id='word_1_233' title='bbox 1675 3080 1765 3130; x_wconf 83' lang='lat' dir='ltr'><strong>illo</strong></span> 
     </span>
     <span class='ocr_line' id='line_1_38' title="bbox 451 3146 1511 3214; baseline -0.004 -17"><span class='ocrx_word' id='word_1_234' title='bbox 451 3149 614 3207; x_wconf 81' lang='lat' dir='ltr'><strong>Vires,</strong></span> <span class='ocrx_word' id='word_1_235' title='bbox 641 3148 754 3214; x_wconf 75' lang='lat' dir='ltr'><strong>quis</strong></span> <span class='ocrx_word' id='word_1_236' title='bbox 778 3155 1034 3210; x_wconf 81' lang='lat' dir='ltr'><strong>peragunt</strong></span> <span class='ocrx_word' id='word_1_237' title='bbox 1053 3149 1208 3196; x_wconf 81' lang='lat' dir='ltr'><strong>fortia</strong></span> <span class='ocrx_word' id='word_1_238' title='bbox 1231 3146 1373 3195; x_wconf 81' lang='lat' dir='ltr'><strong>facta</strong></span> <span class='ocrx_word' id='word_1_239' title='bbox 1397 3148 1511 3195; x_wconf 80' lang='lat' dir='ltr'><strong>viri.</strong></span> 
     </span>
     <span class='ocr_line' id='line_1_39' title="bbox 389 3201 1753 3277; baseline 0.001 -16"><span class='ocrx_word' id='word_1_240' title='bbox 389 3217 484 3263; x_wconf 85' lang='lat' dir='ltr'><strong>Sed</strong></span> <span class='ocrx_word' id='word_1_241' title='bbox 509 3216 740 3265; x_wconf 85' lang='lat' dir='ltr'><strong>decimus</strong></span> <span class='ocrx_word' id='word_1_242' title='bbox 764 3230 882 3263; x_wconf 85' lang='lat' dir='ltr'><strong>cum</strong></span> <span class='ocrx_word' id='word_1_243' title='bbox 907 3216 1034 3262; x_wconf 86' lang='lat' dir='ltr'><strong>alios</strong></span> <span class='ocrx_word' id='word_1_244' title='bbox 1055 3222 1250 3277; x_wconf 86' lang='lat' dir='ltr'><strong>septem</strong></span> <span class='ocrx_word' id='word_1_245' title='bbox 1274 3201 1553 3275; x_wconf 81' lang='lat' dir='ltr'><strong>perfecerit</strong></span> <span class='ocrx_word' id='word_1_246' title='bbox 1574 3229 1753 3275; x_wconf 84' lang='lat' dir='ltr'><strong>annos,</strong></span> 
     </span>
     <span class='ocr_line' id='line_1_40' title="bbox 456 3280 1510 3331; baseline -0.001 -1"><span class='ocrx_word' id='word_1_247' title='bbox 456 3283 718 3331; x_wconf 76' lang='lat' dir='ltr'><strong>Matutam</strong></span> <span class='ocrx_word' id='word_1_248' title='bbox 743 3289 952 3331; x_wconf 87' lang='lat' dir='ltr'><strong>mortem</strong></span> <span class='ocrx_word' id='word_1_249' title='bbox 978 3280 1145 3329; x_wconf 85' lang='lat' dir='ltr'><strong>tristia</strong></span> <span class='ocrx_word' id='word_1_250' title='bbox 1170 3281 1278 3329; x_wconf 79' lang='lat' dir='ltr'><strong>sata</strong></span> <span class='ocrx_word' id='word_1_251' title='bbox 1305 3283 1510 3329; x_wconf 84' lang='lat' dir='ltr'><strong>debunt.</strong></span> 
     </span>
    </p>
   </div>
   <div class='ocr_carea' id='block_1_4' title="bbox 639 3372 1567 3438">
    <p class='ocr_par' dir='ltr' id='par_1_5' title="bbox 639 3372 1567 3438">
     <span class='ocr_line' id='line_1_41' title="bbox 639 3372 1567 3438; baseline -0.001 -9"><span class='ocrx_word' id='word_1_252' title='bbox 639 3373 772 3438; x_wconf 79' lang='lat' dir='ltr'><strong>Quoe</strong></span> <span class='ocrx_word' id='word_1_253' title='bbox 799 3382 875 3429; x_wconf 72' lang='lat' dir='ltr'><strong>est</strong></span> <span class='ocrx_word' id='word_1_254' title='bbox 903 3372 1080 3427; x_wconf 77' lang='lat' dir='ltr'><strong>altera</strong></span> <span class='ocrx_word' id='word_1_255' title='bbox 1106 3372 1521 3429; x_wconf 74' lang='lat' dir='ltr'><strong>circumstantia</strong></span> <span class='ocrx_word' id='word_1_256' title='bbox 1537 3373 1567 3428; x_wconf 64' lang='grc' dir='ltr'><strong>,θ</strong></span> 
     </span>
    </p>
   </div>
   <div class='ocr_carea' id='block_1_5' title="bbox 1963 3302 2217 3444">
    <p class='ocr_par' dir='ltr' id='par_1_6' title="bbox 1963 3302 2217 3444">
     <span class='ocr_line' id='line_1_42' title="bbox 1963 3302 2186 3363; baseline 0.004 -1"><span class='ocrx_word' id='word_1_257' title='bbox 1963 3314 2109 3362; x_wconf 68' lang='lat' dir='ltr'><strong>Honos</strong></span> <span class='ocrx_word' id='word_1_258' title='bbox 2136 3302 2186 3363; x_wconf 57' lang='grc' dir='ltr'><strong>ὃ·</strong></span> 
     </span>
     <span class='ocr_line' id='line_1_43' title="bbox 1964 3409 2217 3444; baseline 0 -2"><span class='ocrx_word' id='word_1_259' title='bbox 1964 3409 2099 3442; x_wconf 67' lang='grc' dir='ltr'><strong>τινοιν</strong></span> <span class='ocrx_word' id='word_1_260' title='bbox 2123 3410 2217 3444; x_wconf 64' lang='grc' dir='ltr'><strong>τοι</strong></span> 
     </span>
    </p>
   </div>
   <div class='ocr_carea' id='block_1_6' title="bbox 339 3446 2211 3539">
    <p class='ocr_par' dir='ltr' id='par_1_7' title="bbox 339 3446 2211 3539">
     <span class='ocr_line' id='line_1_44' title="bbox 339 3446 2211 3539; baseline -0.002 -26"><span class='ocrx_word' id='word_1_261' title='bbox 339 3455 446 3513; x_wconf 82' lang='lat' dir='ltr'><strong>Est</strong></span> <span class='ocrx_word' id='word_1_262' title='bbox 472 3453 546 3513; x_wconf 89' lang='lat' dir='ltr'><strong>de</strong></span> <span class='ocrx_word' id='word_1_263' title='bbox 585 3446 812 3523; x_wconf 84' lang='lat' dir='ltr'><strong>habit&#39;u,</strong></span> <span class='ocrx_word' id='word_1_264' title='bbox 839 3454 950 3511; x_wconf 89' lang='lat' dir='ltr'><strong>hoc</strong></span> <span class='ocrx_word' id='word_1_265' title='bbox 983 3461 1094 3522; x_wconf 74' lang='lat' dir='ltr'><strong>est,</strong></span> <span class='ocrx_word' id='word_1_266' title='bbox 1118 3451 1192 3511; x_wconf 89' lang='lat' dir='ltr'><strong>de</strong></span> <span class='ocrx_word' id='word_1_267' title='bbox 1231 3454 1640 3513; x_wconf 88' lang='lat' dir='ltr'><strong>constitutione</strong></span> <span class='ocrx_word' id='word_1_268' title='bbox 1682 3451 1943 3529; x_wconf 82' lang='lat' dir='ltr'><strong>corporis</strong></span> <span class='ocrx_word' id='word_1_269' title='bbox 1965 3490 2211 3539; x_wconf 65' lang='lat' dir='ltr'><strong>oro-»pawn</strong></span> 
     </span>
    </p>
   </div>
   <div class='ocr_carea' id='block_1_7' title="bbox 259 3534 1767 3677">
    <p class='ocr_par' dir='ltr' id='par_1_8' title="bbox 259 3534 1767 3677">
     <span class='ocr_line' id='line_1_45' title="bbox 259 3534 1767 3675; baseline -0.004 -78"><span class='ocrx_word' id='word_1_270' title='bbox 259 3555 497 3599; x_wconf 83' lang='lat' dir='ltr'><strong>eorum:</strong></span> <span class='ocrx_word' id='word_1_271' title='bbox 538 3538 642 3617; x_wconf 85' lang='lat' dir='ltr'><strong>qui</strong></span> <span class='ocrx_word' id='word_1_272' title='bbox 669 3534 1475 3675; x_wconf 76' lang='lat' dir='ltr'><strong>matrimoniumbcontrahere</strong></span> <span class='ocrx_word' id='word_1_273' title='bbox 1500 3535 1767 3613; x_wconf 87' lang='lat' dir='ltr'><strong>cupiunt.</strong></span> 
     </span>
     <span class='ocr_line' id='line_1_46' title="bbox 975 3624 1191 3677; baseline 0.005 -1"><span class='ocrx_word' id='word_1_274' title='bbox 975 3658 980 3665; x_wconf 92' lang='lat'>-</span> <span class='ocrx_word' id='word_1_275' title='bbox 1023 3635 1058 3676; x_wconf 75' lang='lat' dir='ltr'><strong>s</strong></span> <span class='ocrx_word' id='word_1_276' title='bbox 1158 3624 1191 3677; x_wconf 79' lang='lat'><strong><em>3</em></strong></span> 
     </span>
    </p>
   </div>
   <div class='ocr_carea' id='block_1_8' title="bbox 1956 3552 2226 3687">
    <p class='ocr_par' dir='ltr' id='par_1_9' title="bbox 1956 3552 2226 3687">
     <span class='ocr_line' id='line_1_47' title="bbox 1956 3552 2226 3629; baseline 0.004 -25.038"><span class='ocrx_word' id='word_1_277' title='bbox 1956 3552 2226 3629; x_wconf 60' lang='grc' dir='ltr'><strong>ϋπαξχθΰ·</strong></span> 
     </span>
     <span class='ocr_line' id='line_1_48' title="bbox 1968 3646 2081 3687; baseline -0.027 0"><span class='ocrx_word' id='word_1_278' title='bbox 1968 3646 2081 3687; x_wconf 63' lang='lat' dir='ltr'><em>&#39;FU&#39;-</em></span> 
     </span>
    </p>
   </div>
  </div>
 </body>
</html>
