<?xml version="1.0" encoding="UTF-8"?>
<!DOCTYPE html PUBLIC "-//W3C//DTD XHTML 1.0 Transitional//EN"
    "http://www.w3.org/TR/xhtml1/DTD/xhtml1-transitional.dtd">
<html xmlns="http://www.w3.org/1999/xhtml" xml:lang="en" lang="en">
 <head>
  <title>
</title>
<meta http-equiv="Content-Type" content="text/html;charset=utf-8" />
  <meta name='ocr-system' content='tesseract 3.04.00' />
  <meta name='ocr-capabilities' content='ocr_page ocr_carea ocr_par ocr_line ocrx_word'/>
</head>
<body>
  <div class='ocr_page' id='page_1' title='image "./epitomedoctrina00goligoog_0355.png"; bbox 0 0 2517 4100; ppageno 0'>
   <div class='ocr_carea' id='block_1_1' title="bbox 830 284 1884 404">
    <p class='ocr_par' dir='ltr' id='par_1_1' title="bbox 830 284 1884 404">
     <span class='ocr_line' id='line_1_1' title="bbox 830 284 1884 404; baseline 0 -34"><span class='ocrx_word' id='word_1_1' title='bbox 830 285 846 404; x_wconf 16' lang='grc' dir='ltr'><em>ὐ</em></span> <span class='ocrx_word' id='word_1_2' title='bbox 880 311 1116 372; x_wconf 86' lang='lat' dir='ltr'><strong>LIBER</strong></span> <span class='ocrx_word' id='word_1_3' title='bbox 1156 311 1233 371; x_wconf 90' lang='lat'>11.</span> <span class='ocrx_word' id='word_1_4' title='bbox 1388 331 1395 339; x_wconf 86' lang='lat'><strong>·</strong></span> <span class='ocrx_word' id='word_1_5' title='bbox 1751 284 1884 370; x_wconf 64' lang='lat' dir='ltr'>‘sm</span> 
     </span>
    </p>
   </div>
   <div class='ocr_carea' id='block_1_2' title="bbox 178 472 1951 3173">
    <p class='ocr_par' dir='ltr' id='par_1_2' title="bbox 178 472 1951 3173">
     <span class='ocr_line' id='line_1_2' title="bbox 229 472 1895 554; baseline 0.001 -22"><span class='ocrx_word' id='word_1_6' title='bbox 229 472 520 550; x_wconf 69' lang='lat' dir='ltr'>quiddam,</span> <span class='ocrx_word' id='word_1_7' title='bbox 545 475 906 534; x_wconf 88' lang='lat' dir='ltr'>machinatus</span> <span class='ocrx_word' id='word_1_8' title='bbox 946 486 1066 535; x_wconf 58' lang='lat' dir='ltr'>est-</span> <span class='ocrx_word' id='word_1_9' title='bbox 1112 477 1282 554; x_wconf 84' lang='lat' dir='ltr'>Cogit</span> <span class='ocrx_word' id='word_1_10' title='bbox 1310 473 1383 534; x_wconf 88' lang='lat' dir='ltr'>ad</span> <span class='ocrx_word' id='word_1_11' title='bbox 1412 478 1752 535; x_wconf 84' lang='lat' dir='ltr'>concionem</span> <span class='ocrx_word' id='word_1_12' title='bbox 1779 475 1895 534; x_wconf 79' lang='lat' dir='ltr'>mi·-</span> 
     </span>
     <span class='ocr_line' id='line_1_3' title="bbox 229 553 1893 636; baseline 0.002 -23"><span class='ocrx_word' id='word_1_13' title='bbox 229 557 360 614; x_wconf 76' lang='lat' dir='ltr'>iites</span> <span class='ocrx_word' id='word_1_14' title='bbox 389 560 584 634; x_wconf 88' lang='lat' dir='ltr'>aitque</span> <span class='ocrx_word' id='word_1_15' title='bbox 631 558 736 615; x_wconf 88' lang='lat' dir='ltr'>sibi</span> <span class='ocrx_word' id='word_1_16' title='bbox 782 557 1017 634; x_wconf 90' lang='lat' dir='ltr'>quidem</span> <span class='ocrx_word' id='word_1_17' title='bbox 1046 561 1426 636; x_wconf 79' lang='lat' dir='ltr'><strong>pecuniarum</strong></span> <span class='ocrx_word' id='word_1_18' title='bbox 1467 553 1625 618; x_wconf 77' lang='lat' dir='ltr'>nunc</span> <span class='ocrx_word' id='word_1_19' title='bbox 1662 559 1893 634; x_wconf 75' lang='lat' dir='ltr'>copiam</span> 
     </span>
     <span class='ocr_line' id='line_1_4' title="bbox 231 639 1889 718; baseline 0.002 -23"><span class='ocrx_word' id='word_1_20' title='bbox 231 657 347 696; x_wconf 86' lang='lat' dir='ltr'>non</span> <span class='ocrx_word' id='word_1_21' title='bbox 389 651 710 716; x_wconf 84' lang='lat' dir='ltr'>suppetere,</span> <span class='ocrx_word' id='word_1_22' title='bbox 739 659 931 698; x_wconf 87' lang='lat' dir='ltr'>verum</span> <span class='ocrx_word' id='word_1_23' title='bbox 977 661 1072 698; x_wconf 92' lang='lat' dir='ltr'>eas</span> <span class='ocrx_word' id='word_1_24' title='bbox 1112 641 1307 700; x_wconf 85' lang='lat' dir='ltr'>adesse</span> <span class='ocrx_word' id='word_1_25' title='bbox 1346 643 1405 700; x_wconf 91' lang='lat' dir='ltr'>in</span> <span class='ocrx_word' id='word_1_26' title='bbox 1436 641 1688 718; x_wconf 90' lang='lat' dir='ltr'>quodam</span> <span class='ocrx_word' id='word_1_27' title='bbox 1721 639 1889 698; x_wconf 86' lang='lat' dir='ltr'>loco:</span> 
     </span>
     <span class='ocr_line' id='line_1_5' title="bbox 227 720 1895 800; baseline 0.003 -25"><span class='ocrx_word' id='word_1_28' title='bbox 227 729 287 776; x_wconf 87' lang='lat' dir='ltr'>et</span> <span class='ocrx_word' id='word_1_29' title='bbox 313 720 504 779; x_wconf 84' lang='lat' dir='ltr'>locum</span> <span class='ocrx_word' id='word_1_30' title='bbox 537 725 850 800; x_wconf 74' lang='lat' dir='ltr'>ipsum·=ubi</span> <span class='ocrx_word' id='word_1_31' title='bbox 876 734 1082 792; x_wconf 89' lang='lat' dir='ltr'>essent,</span> <span class='ocrx_word' id='word_1_32' title='bbox 1109 725 1467 781; x_wconf 83' lang='lat' dir='ltr'>nominabat.</span> <span class='ocrx_word' id='word_1_33' title='bbox 1536 725 1691 783; x_wconf 73' lang='lat' dir='ltr'>Quin</span> <span class='ocrx_word' id='word_1_34' title='bbox 1712 723 1895 780; x_wconf 77' lang='lat' dir='ltr'>etiam</span> 
     </span>
     <span class='ocr_line' id='line_1_6' title="bbox 228 805 1889 882; baseline 0.002 -25"><span class='ocrx_word' id='word_1_35' title='bbox 228 806 466 878; x_wconf 82' lang='lat' dir='ltr'>propius</span> <span class='ocrx_word' id='word_1_36' title='bbox 501 809 754 874; x_wconf 85' lang='lat' dir='ltr'>accessit,</span> <span class='ocrx_word' id='word_1_37' title='bbox 787 824 1112 882; x_wconf 87' lang='lat' dir='ltr'>progressus</span> <span class='ocrx_word' id='word_1_38' title='bbox 1145 808 1199 861; x_wconf 92' lang='lat' dir='ltr'>in</span> <span class='ocrx_word' id='word_1_39' title='bbox 1232 805 1413 871; x_wconf 86' lang='lat' dir='ltr'>illurn,</span> <span class='ocrx_word' id='word_1_40' title='bbox 1444 807 1671 882; x_wconf 86' lang='lat' dir='ltr'>accepit</span> <span class='ocrx_word' id='word_1_41' title='bbox 1700 811 1771 860; x_wconf 67' lang='lat' dir='ltr'>ex</span> <span class='ocrx_word' id='word_1_42' title='bbox 1799 805 1889 874; x_wconf 83' lang='lat' dir='ltr'>iis,</span> 
     </span>
     <span class='ocr_line' id='line_1_7' title="bbox 231 886 1894 963; baseline 0.003 -24"><span class='ocrx_word' id='word_1_43' title='bbox 231 901 364 958; x_wconf 86' lang='lat' dir='ltr'>quae</span> <span class='ocrx_word' id='word_1_44' title='bbox 396 891 454 943; x_wconf 89' lang='lat' dir='ltr'>in</span> <span class='ocrx_word' id='word_1_45' title='bbox 499 888 626 943; x_wconf 90' lang='lat' dir='ltr'>loco</span> <span class='ocrx_word' id='word_1_46' title='bbox 657 896 840 954; x_wconf 85' lang='lat' dir='ltr'>erant,</span> <span class='ocrx_word' id='word_1_47' title='bbox 869 887 1036 952; x_wconf 85' lang='lat' dir='ltr'>fanis,</span> <span class='ocrx_word' id='word_1_48' title='bbox 1069 886 1350 963; x_wconf 88' lang='lat' dir='ltr'>quicquid</span> <span class='ocrx_word' id='word_1_49' title='bbox 1376 906 1638 944; x_wconf 82' lang='lat' dir='ltr'>vasorum</span> <span class='ocrx_word' id='word_1_50' title='bbox 1684 904 1894 962; x_wconf 85' lang='lat' dir='ltr'>argen-</span> 
     </span>
     <span class='ocr_line' id='line_1_8' title="bbox 224 967 1891 1044; baseline 0.002 -24"><span class='ocrx_word' id='word_1_51' title='bbox 224 971 445 1024; x_wconf 76' lang='lat' dir='ltr'>teorum</span> <span class='ocrx_word' id='word_1_52' title='bbox 472 967 879 1044; x_wconf 80' lang='lat' dir='ltr'>deprehendit.</span> <span class='ocrx_word' id='word_1_53' title='bbox 962 967 1188 1025; x_wconf 89' lang='lat' dir='ltr'>Deinde</span> <span class='ocrx_word' id='word_1_54' title='bbox 1231 971 1421 1024; x_wconf 82' lang='lat' dir='ltr'>stratis</span> <span class='ocrx_word' id='word_1_55' title='bbox 1452 969 1733 1040; x_wconf 87' lang='lat' dir='ltr'>jumentis</span> <span class='ocrx_word' id='word_1_56' title='bbox 1759 976 1891 1025; x_wconf 85' lang='lat' dir='ltr'>tan-</span> 
     </span>
     <span class='ocr_line' id='line_1_9' title="bbox 223 1049 1893 1126; baseline 0.002 -23"><span class='ocrx_word' id='word_1_57' title='bbox 223 1065 401 1122; x_wconf 84' lang='lat' dir='ltr'><strong>quam</strong></span> <span class='ocrx_word' id='word_1_58' title='bbox 432 1061 730 1123; x_wconf 83' lang='lat' dir='ltr'>argentum</span> <span class='ocrx_word' id='word_1_59' title='bbox 758 1049 1112 1125; x_wconf 85' lang='lat' dir='ltr'>gestantibus</span> <span class='ocrx_word' id='word_1_60' title='bbox 1141 1051 1389 1126; x_wconf 86' lang='lat' dir='ltr'>taliaque</span> <span class='ocrx_word' id='word_1_61' title='bbox 1418 1067 1539 1124; x_wconf 83' lang='lat' dir='ltr'>prae</span> <span class='ocrx_word' id='word_1_62' title='bbox 1568 1069 1625 1106; x_wconf 89' lang='lat' dir='ltr'>se</span> <span class='ocrx_word' id='word_1_63' title='bbox 1655 1049 1893 1108; x_wconf 80' lang='lat' dir='ltr'>ferenti-</span> 
     </span>
     <span class='ocr_line' id='line_1_10' title="bbox 224 1128 1891 1208; baseline 0.003 -25"><span class='ocrx_word' id='word_1_64' title='bbox 224 1128 354 1194; x_wconf 85' lang='lat' dir='ltr'>bus,</span> <span class='ocrx_word' id='word_1_65' title='bbox 382 1131 747 1205; x_wconf 83' lang='lat' dir='ltr'>procedebat.</span> <span class='ocrx_word' id='word_1_66' title='bbox 802 1131 1002 1191; x_wconf 60' lang='lat' dir='ltr'>Quod</span> <span class='ocrx_word' id='word_1_67' title='bbox 1045 1133 1251 1190; x_wconf 81' lang='lat' dir='ltr'>milites</span> <span class='ocrx_word' id='word_1_68' title='bbox 1292 1133 1633 1207; x_wconf 83' lang='lat' dir='ltr'>conspicati,</span> <span class='ocrx_word' id='word_1_69' title='bbox 1665 1131 1891 1208; x_wconf 88' lang='lat' dir='ltr'>ratique</span> 
     </span>
     <span class='ocr_line' id='line_1_11' title="bbox 224 1212 1891 1290; baseline 0.003 -24"><span class='ocrx_word' id='word_1_70' title='bbox 224 1227 398 1267; x_wconf 86' lang='lat' dir='ltr'>omne</span> <span class='ocrx_word' id='word_1_71' title='bbox 431 1212 564 1268; x_wconf 85' lang='lat' dir='ltr'>illud</span> <span class='ocrx_word' id='word_1_72' title='bbox 595 1225 892 1289; x_wconf 82' lang='lat' dir='ltr'>argentum</span> <span class='ocrx_word' id='word_1_73' title='bbox 928 1233 1066 1280; x_wconf 90' lang='lat' dir='ltr'>esse,</span> <span class='ocrx_word' id='word_1_74' title='bbox 1097 1212 1286 1290; x_wconf 84' lang='lat' dir='ltr'>quoad</span> <span class='ocrx_word' id='word_1_75' title='bbox 1332 1213 1731 1280; x_wconf 85' lang='lat' dir='ltr'>imveheretur,</span> <span class='ocrx_word' id='word_1_76' title='bbox 1760 1215 1891 1271; x_wconf 86' lang='lat' dir='ltr'>ani-</span> 
     </span>
     <span class='ocr_line' id='line_1_12' title="bbox 191 1293 1893 1372; baseline 0.003 -25"><span class='ocrx_word' id='word_1_77' title='bbox 191 1333 194 1340; x_wconf 87' lang='lat'>.</span> <span class='ocrx_word' id='word_1_78' title='bbox 226 1294 336 1348; x_wconf 89' lang='lat' dir='ltr'>mis</span> <span class='ocrx_word' id='word_1_79' title='bbox 355 1294 591 1369; x_wconf 87' lang='lat' dir='ltr'>quidem</span> <span class='ocrx_word' id='word_1_80' title='bbox 615 1298 721 1372; x_wconf 88' lang='lat' dir='ltr'>ipsi</span> <span class='ocrx_word' id='word_1_81' title='bbox 744 1297 1068 1354; x_wconf 82' lang='lat' dir='ltr'>confirmati</span> <span class='ocrx_word' id='word_1_82' title='bbox 1092 1307 1243 1364; x_wconf 89' lang='lat' dir='ltr'>sunt,</span> <span class='ocrx_word' id='word_1_83' title='bbox 1264 1307 1542 1372; x_wconf 81' lang='lat' dir='ltr'>tanquam</span> <span class='ocrx_word' id='word_1_84' title='bbox 1566 1293 1893 1358; x_wconf 86' lang='lat' dir='ltr'>mercedem</span> 
     </span>
     <span class='ocr_line' id='line_1_13' title="bbox 225 1378 1893 1455; baseline 0.003 -26"><span class='ocrx_word' id='word_1_85' title='bbox 225 1379 530 1450; x_wconf 86' lang='lat' dir='ltr'>recepturi.</span> <span class='ocrx_word' id='word_1_86' title='bbox 615 1382 696 1436; x_wconf 93' lang='lat' dir='ltr'>At</span> <span class='ocrx_word' id='word_1_87' title='bbox 736 1379 832 1436; x_wconf 90' lang='lat' dir='ltr'>ille</span> <span class='ocrx_word' id='word_1_88' title='bbox 875 1378 1022 1436; x_wconf 87' lang='lat' dir='ltr'>dixit</span> <span class='ocrx_word' id='word_1_89' title='bbox 1054 1390 1313 1455; x_wconf 81' lang='lat' dir='ltr'>oportere</span> <span class='ocrx_word' id='word_1_90' title='bbox 1357 1378 1427 1436; x_wconf 86' lang='lat' dir='ltr'>ad</span> <span class='ocrx_word' id='word_1_91' title='bbox 1466 1380 1727 1436; x_wconf 86' lang='lat' dir='ltr'>Amisum</span> <span class='ocrx_word' id='word_1_92' title='bbox 1755 1396 1893 1454; x_wconf 85' lang='lat' dir='ltr'>per-</span> 
     </span>
     <span class='ocr_line' id='line_1_14' title="bbox 225 1459 1888 1537; baseline 0.003 -26"><span class='ocrx_word' id='word_1_93' title='bbox 225 1459 439 1526; x_wconf 86' lang='lat' dir='ltr'>venire,</span> <span class='ocrx_word' id='word_1_94' title='bbox 468 1462 664 1537; x_wconf 88' lang='lat' dir='ltr'>ibique</span> <span class='ocrx_word' id='word_1_95' title='bbox 694 1462 847 1536; x_wconf 88' lang='lat' dir='ltr'>ipsos</span> <span class='ocrx_word' id='word_1_96' title='bbox 874 1465 1172 1519; x_wconf 88' lang='lat' dir='ltr'>auctorari.</span> <span class='ocrx_word' id='word_1_97' title='bbox 1260 1461 1376 1519; x_wconf 89' lang='lat' dir='ltr'>Iter</span> <span class='ocrx_word' id='word_1_98' title='bbox 1402 1478 1578 1537; x_wconf 87' lang='lat' dir='ltr'>porro</span> <span class='ocrx_word' id='word_1_99' title='bbox 1614 1459 1691 1516; x_wconf 86' lang='lat' dir='ltr'>ad</span> <span class='ocrx_word' id='word_1_100' title='bbox 1717 1460 1888 1517; x_wconf 82' lang='lat' dir='ltr'>Ami-</span> 
     </span>
     <span class='ocr_line' id='line_1_15' title="bbox 233 1539 1891 1620; baseline 0.003 -27"><span class='ocrx_word' id='word_1_101' title='bbox 233 1539 358 1595; x_wconf 85' lang='lat' dir='ltr'>sum</span> <span class='ocrx_word' id='word_1_102' title='bbox 387 1543 445 1596; x_wconf 86' lang='lat' dir='ltr'>et</span> <span class='ocrx_word' id='word_1_103' title='bbox 476 1545 782 1600; x_wconf 88' lang='lat' dir='ltr'>multorum</span> <span class='ocrx_word' id='word_1_104' title='bbox 819 1554 941 1601; x_wconf 88' lang='lat' dir='ltr'>erat</span> <span class='ocrx_word' id='word_1_105' title='bbox 967 1543 1212 1610; x_wconf 87' lang='lat' dir='ltr'>dierum,</span> <span class='ocrx_word' id='word_1_106' title='bbox 1239 1554 1299 1600; x_wconf 88' lang='lat' dir='ltr'>et</span> <span class='ocrx_word' id='word_1_107' title='bbox 1326 1543 1591 1620; x_wconf 89' lang='lat' dir='ltr'>hyberno</span> <span class='ocrx_word' id='word_1_108' title='bbox 1630 1551 1891 1618; x_wconf 88' lang='lat' dir='ltr'>tempore</span> 
     </span>
     <span class='ocr_line' id='line_1_16' title="bbox 227 1619 1893 1702; baseline 0.004 -28"><span class='ocrx_word' id='word_1_109' title='bbox 227 1619 582 1680; x_wconf 57' lang='lat' dir='ltr'>faciendumf</span> <span class='ocrx_word' id='word_1_110' title='bbox 659 1626 858 1702; x_wconf 91' lang='lat' dir='ltr'>Itaque</span> <span class='ocrx_word' id='word_1_111' title='bbox 901 1637 1020 1684; x_wconf 88' lang='lat' dir='ltr'>toto</span> <span class='ocrx_word' id='word_1_112' title='bbox 1062 1627 1176 1683; x_wconf 84' lang='lat' dir='ltr'>hoc</span> <span class='ocrx_word' id='word_1_113' title='bbox 1221 1628 1347 1702; x_wconf 92' lang='lat' dir='ltr'>ipso</span> <span class='ocrx_word' id='word_1_114' title='bbox 1387 1636 1645 1701; x_wconf 86' lang='lat' dir='ltr'>tempore</span> <span class='ocrx_word' id='word_1_115' title='bbox 1684 1623 1893 1682; x_wconf 87' lang='lat' dir='ltr'>eodem</span> 
     </span>
     <span class='ocr_line' id='line_1_17' title="bbox 227 1705 1949 1787; baseline 0.003 -30"><span class='ocrx_word' id='word_1_116' title='bbox 227 1706 484 1761; x_wconf 88' lang='lat' dir='ltr'>exercitu</span> <span class='ocrx_word' id='word_1_117' title='bbox 527 1706 694 1764; x_wconf 86' lang='lat' dir='ltr'>facile</span> <span class='ocrx_word' id='word_1_118' title='bbox 733 1721 816 1764; x_wconf 87' lang='lat' dir='ltr'>est.</span> <span class='ocrx_word' id='word_1_119' title='bbox 860 1707 1103 1766; x_wconf 87' lang='lat' dir='ltr'>abusus:</span> <span class='ocrx_word' id='word_1_120' title='bbox 1149 1711 1366 1787; x_wconf 87' lang='lat' dir='ltr'>quippe</span> <span class='ocrx_word' id='word_1_121' title='bbox 1408 1711 1509 1785; x_wconf 90' lang='lat' dir='ltr'>qui</span> <span class='ocrx_word' id='word_1_122' title='bbox 1552 1707 1634 1764; x_wconf 85' lang='lat' dir='ltr'>illi</span> <span class='ocrx_word' id='word_1_123' title='bbox 1666 1705 1739 1764; x_wconf 86' lang='lat' dir='ltr'>ad</span> <span class='ocrx_word' id='word_1_124' title='bbox 1767 1707 1949 1762; x_wconf 62' lang='lat' dir='ltr'>vic-&#39;1</span> 
     </span>
     <span class='ocr_line' id='line_1_18' title="bbox 229 1789 1892 1868; baseline 0.003 -30"><span class='ocrx_word' id='word_1_125' title='bbox 229 1792 354 1840; x_wconf 87' lang='lat' dir='ltr'>tum</span> <span class='ocrx_word' id='word_1_126' title='bbox 405 1789 719 1846; x_wconf 75' lang='lat' dir='ltr'>necessaria</span> <span class='ocrx_word' id='word_1_127' title='bbox 765 1790 1169 1864; x_wconf 84' lang='lat' dir='ltr'>tantummodo</span> <span class='ocrx_word' id='word_1_128' title='bbox 1218 1792 1523 1868; x_wconf 87' lang='lat' dir='ltr'>praeberet.</span> <span class='ocrx_word' id='word_1_129' title='bbox 1608 1791 1739 1864; x_wconf 89' lang='lat' dir='ltr'>Ipse</span> <span class='ocrx_word' id='word_1_130' title='bbox 1786 1805 1892 1843; x_wconf 86' lang='lat' dir='ltr'>au-</span> 
     </span>
     <span class='ocr_line' id='line_1_19' title="bbox 231 1871 1895 1949; baseline 0.003 -30"><span class='ocrx_word' id='word_1_131' title='bbox 231 1874 348 1921; x_wconf 87' lang='lat' dir='ltr'>tem</span> <span class='ocrx_word' id='word_1_132' title='bbox 391 1883 514 1924; x_wconf 80' lang='lat' dir='ltr'>tum</span> <span class='ocrx_word' id='word_1_133' title='bbox 557 1871 808 1948; x_wconf 86' lang='lat' dir='ltr'>opifices,</span> <span class='ocrx_word' id='word_1_134' title='bbox 853 1884 976 1928; x_wconf 85' lang='lat' dir='ltr'>tum</span> <span class='ocrx_word' id='word_1_135' title='bbox 1019 1891 1331 1949; x_wconf 75' lang='lat' dir='ltr'>cauponeS,</span> <span class='ocrx_word' id='word_1_136' title='bbox 1374 1871 1895 1946; x_wconf 70' lang='lat' dir='ltr'>atque‘institores,</span> 
     </span>
     <span class='ocr_line' id='line_1_20' title="bbox 232 1946 1895 2028; baseline 0.003 -28"><span class='ocrx_word' id='word_1_137' title='bbox 232 1946 390 2022; x_wconf 82' lang='lat' dir='ltr'>apud</span> <span class='ocrx_word' id='word_1_138' title='bbox 440 1949 599 2026; x_wconf 88' lang='lat' dir='ltr'>quos</span> <span class='ocrx_word' id='word_1_139' title='bbox 637 1953 952 2028; x_wconf 85' lang='lat' dir='ltr'>quodpiam</span> <span class='ocrx_word' id='word_1_140' title='bbox 1007 1953 1353 2011; x_wconf 87' lang='lat' dir='ltr'>commutari</span> <span class='ocrx_word' id='word_1_141' title='bbox 1402 1962 1615 2026; x_wconf 77' lang='lat' dir='ltr'>posset,</span> <span class='ocrx_word' id='word_1_142' title='bbox 1666 1952 1726 2008; x_wconf 91' lang='lat' dir='ltr'>in</span> <span class='ocrx_word' id='word_1_143' title='bbox 1780 1952 1895 2006; x_wconf 87' lang='lat' dir='ltr'>suis</span> 
     </span>
     <span class='ocr_line' id='line_1_21' title="bbox 229 2033 1892 2112; baseline 0.003 -28"><span class='ocrx_word' id='word_1_144' title='bbox 229 2033 430 2087; x_wconf 86' lang='lat' dir='ltr'>castris</span> <span class='ocrx_word' id='word_1_145' title='bbox 469 2033 752 2092; x_wconf 87' lang='lat' dir='ltr'>habebat:</span> <span class='ocrx_word' id='word_1_146' title='bbox 805 2035 902 2092; x_wconf 87' lang='lat' dir='ltr'>alii</span> <span class='ocrx_word' id='word_1_147' title='bbox 938 2054 1073 2095; x_wconf 88' lang='lat' dir='ltr'>vero</span> <span class='ocrx_word' id='word_1_148' title='bbox 1117 2035 1263 2094; x_wconf 89' lang='lat' dir='ltr'>nulli</span> <span class='ocrx_word' id='word_1_149' title='bbox 1306 2037 1621 2112; x_wconf 77' lang='lat' dir='ltr'>quicquam</span> <span class='ocrx_word' id='word_1_150' title='bbox 1660 2050 1892 2111; x_wconf 84' lang='lat' dir='ltr'>prorsus</span> 
     </span>
     <span class='ocr_line' id='line_1_22' title="bbox 229 2111 1123 2186; baseline 0.011 -19"><span class='ocrx_word' id='word_1_151' title='bbox 229 2111 432 2186; x_wconf 81' lang='lat' dir='ltr'>talium</span> <span class='ocrx_word' id='word_1_152' title='bbox 462 2134 650 2173; x_wconf 87' lang='lat' dir='ltr'>rerum</span> <span class='ocrx_word' id='word_1_153' title='bbox 678 2116 864 2175; x_wconf 85' lang='lat' dir='ltr'>facere</span> <span class='ocrx_word' id='word_1_154' title='bbox 891 2117 1123 2177; x_wconf 81' lang='lat' dir='ltr'>licebat.</span> 
     </span>
     <span class='ocr_line' id='line_1_23' title="bbox 1011 2208 1871 2262; baseline 0.005 -4"><span class='ocrx_word' id='word_1_155' title='bbox 1011 2208 1112 2259; x_wconf 77' lang='lat'>25.</span> <span class='ocrx_word' id='word_1_156' title='bbox 1685 2230 1691 2237; x_wconf 94' lang='lat'><strong>·</strong></span> <span class='ocrx_word' id='word_1_157' title='bbox 1855 2249 1871 2262; x_wconf 76' lang='lat'>-.</span> 
     </span>
     <span class='ocr_line' id='line_1_24' title="bbox 311 2278 1895 2359; baseline 0.003 -24"><span class='ocrx_word' id='word_1_158' title='bbox 311 2278 588 2338; x_wconf 83' lang='lat' dir='ltr'>Chabrias</span> <span class='ocrx_word' id='word_1_159' title='bbox 634 2284 1005 2342; x_wconf 84' lang='lat' dir='ltr'>Atheniensis</span> <span class='ocrx_word' id='word_1_160' title='bbox 1059 2284 1243 2341; x_wconf 88' lang='lat' dir='ltr'>Taoni</span> <span class='ocrx_word' id='word_1_161' title='bbox 1304 2284 1424 2359; x_wconf 89' lang='lat' dir='ltr'>regi</span> <span class='ocrx_word' id='word_1_162' title='bbox 1479 2282 1895 2359; x_wconf 86' lang='lat' dir='ltr'>AEgyptiorum</span> 
     </span>
     <span class='ocr_line' id='line_1_25' title="bbox 227 2358 1893 2442; baseline 0.004 -27"><span class='ocrx_word' id='word_1_163' title='bbox 227 2363 544 2420; x_wconf 83' lang='lat' dir='ltr'>exercitum</span> <span class='ocrx_word' id='word_1_164' title='bbox 587 2364 823 2442; x_wconf 87' lang='lat' dir='ltr'>quidem</span> <span class='ocrx_word' id='word_1_165' title='bbox 873 2368 1108 2428; x_wconf 80' lang='lat' dir='ltr'>habenti</span> <span class='ocrx_word' id='word_1_166' title='bbox 1153 2364 1254 2421; x_wconf 86' lang='lat' dir='ltr'>sed</span> <span class='ocrx_word' id='word_1_167' title='bbox 1294 2366 1556 2439; x_wconf 88' lang='lat' dir='ltr'>pecuniis</span> <span class='ocrx_word' id='word_1_168' title='bbox 1606 2358 1893 2437; x_wconf 82' lang='lat' dir='ltr'>indigenti</span> 
     </span>
     <span class='ocr_line' id='line_1_26' title="bbox 178 2440 1893 2518; baseline -0.002 -14"><span class='ocrx_word' id='word_1_169' title='bbox 178 2463 182 2471; x_wconf 86' lang='lat'>&#39;</span> <span class='ocrx_word' id='word_1_170' title='bbox 227 2440 342 2516; x_wconf 66' lang='lat' dir='ltr'>hoc</span> <span class='ocrx_word' id='word_1_171' title='bbox 383 2446 684 2503; x_wconf 83' lang='lat' dir='ltr'>consilium</span> <span class='ocrx_word' id='word_1_172' title='bbox 721 2444 900 2509; x_wconf 85' lang='lat' dir='ltr'>dedit,</span> <span class='ocrx_word' id='word_1_173' title='bbox 932 2457 995 2499; x_wconf 87' lang='lat' dir='ltr'>ut</span> <span class='ocrx_word' id='word_1_174' title='bbox 1036 2442 1427 2498; x_wconf 84' lang='lat' dir='ltr'>sacerdotibus</span> <span class='ocrx_word' id='word_1_175' title='bbox 1464 2440 1893 2518; x_wconf 25' lang='lat' dir='ltr'>diceret&#39;opor-</span> 
     </span>
     <span class='ocr_line' id='line_1_27' title="bbox 211 2521 1892 2587; baseline 0.001 -8"><span class='ocrx_word' id='word_1_176' title='bbox 211 2532 348 2579; x_wconf 69' lang='lat' dir='ltr'>tere</span> <span class='ocrx_word' id='word_1_177' title='bbox 375 2533 498 2578; x_wconf 89' lang='lat' dir='ltr'>tum</span> <span class='ocrx_word' id='word_1_178' title='bbox 529 2542 601 2579; x_wconf 83' lang='lat' dir='ltr'>ex</span> <span class='ocrx_word' id='word_1_179' title='bbox 627 2526 804 2579; x_wconf 82' lang='lat' dir='ltr'>sacris</span> <span class='ocrx_word' id='word_1_180' title='bbox 831 2524 1126 2587; x_wconf 88' lang='lat' dir='ltr'>nonnulla,</span> <span class='ocrx_word' id='word_1_181' title='bbox 1155 2532 1279 2578; x_wconf 90' lang='lat' dir='ltr'>tum</span> <span class='ocrx_word' id='word_1_182' title='bbox 1308 2525 1483 2579; x_wconf 86' lang='lat' dir='ltr'>etiam</span> <span class='ocrx_word' id='word_1_183' title='bbox 1528 2521 1892 2581; x_wconf 86' lang='lat' dir='ltr'>sacerdotum</span> 
     </span>
     <span class='ocr_line' id='line_1_28' title="bbox 229 2602 1894 2681; baseline 0.001 -21"><span class='ocrx_word' id='word_1_184' title='bbox 229 2602 664 2661; x_wconf 80' lang='lat' dir='ltr'>multitudinem</span> <span class='ocrx_word' id='word_1_185' title='bbox 719 2614 956 2680; x_wconf 88' lang='lat' dir='ltr'>propter</span> <span class='ocrx_word' id='word_1_186' title='bbox 1010 2604 1304 2681; x_wconf 78' lang='lat' dir='ltr'>sumptum</span> <span class='ocrx_word' id='word_1_187' title='bbox 1360 2604 1627 2660; x_wconf 86' lang='lat' dir='ltr'>amoveri.</span> <span class='ocrx_word' id='word_1_188' title='bbox 1719 2604 1894 2663; x_wconf 80' lang='lat' dir='ltr'>Quod</span> 
     </span>
     <span class='ocr_line' id='line_1_29' title="bbox 211 2682 1893 2751; baseline 0.002 -10"><span class='ocrx_word' id='word_1_189' title='bbox 211 2702 366 2741; x_wconf 85' lang='lat' dir='ltr'>-cum</span> <span class='ocrx_word' id='word_1_190' title='bbox 407 2682 754 2750; x_wconf 83' lang='lat' dir='ltr'>audivissent</span> <span class='ocrx_word' id='word_1_191' title='bbox 785 2684 1124 2751; x_wconf 78' lang='lat' dir='ltr'>sacerdotes„</span> <span class='ocrx_word' id='word_1_192' title='bbox 1151 2693 1210 2741; x_wconf 91' lang='lat' dir='ltr'>et</span> <span class='ocrx_word' id='word_1_193' title='bbox 1231 2684 1446 2742; x_wconf 84' lang='lat' dir='ltr'>vellent</span> <span class='ocrx_word' id='word_1_194' title='bbox 1484 2703 1685 2741; x_wconf 90' lang='lat' dir='ltr'>omnes</span> <span class='ocrx_word' id='word_1_195' title='bbox 1724 2704 1893 2744; x_wconf 84' lang='lat' dir='ltr'>suum</span> 
     </span>
     <span class='ocr_line' id='line_1_30' title="bbox 227 2765 1892 2844; baseline 0.002 -21"><span class='ocrx_word' id='word_1_196' title='bbox 227 2784 412 2844; x_wconf 87' lang='lat' dir='ltr'>penes</span> <span class='ocrx_word' id='word_1_197' title='bbox 458 2786 517 2824; x_wconf 86' lang='lat' dir='ltr'>se</span> <span class='ocrx_word' id='word_1_198' title='bbox 567 2769 809 2844; x_wconf 87' lang='lat' dir='ltr'>quisque</span> <span class='ocrx_word' id='word_1_199' title='bbox 854 2786 1077 2827; x_wconf 84' lang='lat' dir='ltr'>sacrum</span> <span class='ocrx_word' id='word_1_200' title='bbox 1137 2786 1385 2836; x_wconf 87' lang='lat' dir='ltr'>manere,</span> <span class='ocrx_word' id='word_1_201' title='bbox 1432 2768 1727 2842; x_wconf 82' lang='lat' dir='ltr'>pecunias,</span> <span class='ocrx_word' id='word_1_202' title='bbox 1770 2765 1892 2826; x_wconf 71' lang='lat' dir='ltr'>tam</span> 
     </span>
     <span class='ocr_line' id='line_1_31' title="bbox 227 2846 1893 2925; baseline 0.002 -20"><span class='ocrx_word' id='word_1_203' title='bbox 227 2867 568 2907; x_wconf 85' lang='lat' dir='ltr'>communes</span> <span class='ocrx_word' id='word_1_204' title='bbox 609 2846 784 2925; x_wconf 60' lang='lat' dir='ltr'>quam</span> <span class='ocrx_word' id='word_1_205' title='bbox 832 2854 1078 2925; x_wconf 80' lang='lat' dir='ltr'>privatas</span> <span class='ocrx_word' id='word_1_206' title='bbox 1126 2849 1208 2906; x_wconf 87' lang='lat' dir='ltr'>illi</span> <span class='ocrx_word' id='word_1_207' title='bbox 1259 2848 1593 2906; x_wconf 75' lang='lat' dir='ltr'>afferebant.</span> <span class='ocrx_word' id='word_1_208' title='bbox 1674 2848 1893 2908; x_wconf 76' lang='lat' dir='ltr'>Verum</span> 
     </span>
     <span class='ocr_line' id='line_1_32' title="bbox 227 2924 1951 3008; baseline 0 -19"><span class='ocrx_word' id='word_1_209' title='bbox 227 2932 334 2989; x_wconf 89' lang='lat' dir='ltr'>ubi</span> <span class='ocrx_word' id='word_1_210' title='bbox 361 2933 436 2990; x_wconf 85' lang='lat' dir='ltr'>ab</span> <span class='ocrx_word' id='word_1_211' title='bbox 463 2932 728 2991; x_wconf 82' lang='lat' dir='ltr'>omnibus</span> <span class='ocrx_word' id='word_1_212' title='bbox 755 2936 983 3008; x_wconf 81' lang='lat' dir='ltr'>accepit</span> <span class='ocrx_word' id='word_1_213' title='bbox 1009 2932 1323 3005; x_wconf 86' lang='lat' dir='ltr'>tum-jussit</span> <span class='ocrx_word' id='word_1_214' title='bbox 1354 2931 1462 2987; x_wconf 87' lang='lat' dir='ltr'>illis</span> <span class='ocrx_word' id='word_1_215' title='bbox 1492 2932 1758 3005; x_wconf 87' lang='lat' dir='ltr'>imperari</span> <span class='ocrx_word' id='word_1_216' title='bbox 1787 2930 1891 2989; x_wconf 90' lang='lat' dir='ltr'>de·</span> <span class='ocrx_word' id='word_1_217' title='bbox 1944 2924 1951 2935; x_wconf 52' lang='lat'>‘</span> 
     </span>
     <span class='ocr_line' id='line_1_33' title="bbox 224 3012 1891 3090; baseline 0.001 -19"><span class='ocrx_word' id='word_1_218' title='bbox 224 3017 446 3071; x_wconf 79' lang='lat' dir='ltr'>cimam</span> <span class='ocrx_word' id='word_1_219' title='bbox 487 3014 769 3072; x_wconf 85' lang='lat' dir='ltr'>duntaxat</span> <span class='ocrx_word' id='word_1_220' title='bbox 809 3024 1032 3090; x_wconf 87' lang='lat' dir='ltr'>partem</span> <span class='ocrx_word' id='word_1_221' title='bbox 1072 3015 1192 3087; x_wconf 91' lang='lat' dir='ltr'>ejus</span> <span class='ocrx_word' id='word_1_222' title='bbox 1221 3012 1381 3089; x_wconf 91' lang='lat' dir='ltr'>quod</span> <span class='ocrx_word' id='word_1_223' title='bbox 1410 3022 1541 3069; x_wconf 85' lang='lat' dir='ltr'>ante</span> <span class='ocrx_word' id='word_1_224' title='bbox 1583 3012 1689 3069; x_wconf 81' lang='lat' dir='ltr'>hac</span> <span class='ocrx_word' id='word_1_225' title='bbox 1735 3014 1891 3072; x_wconf 84' lang='lat' dir='ltr'>soliti</span> 
     </span>
     <span class='ocr_line' id='line_1_34' title="bbox 227 3094 1886 3173; baseline 0.002 -21"><span class='ocrx_word' id='word_1_226' title='bbox 227 3107 436 3163; x_wconf 84' lang='lat' dir='ltr'>essent,</span> <span class='ocrx_word' id='word_1_227' title='bbox 466 3094 582 3154; x_wconf 59' lang='lat' dir='ltr'>tam</span> <span class='ocrx_word' id='word_1_228' title='bbox 613 3098 671 3158; x_wconf 89' lang='lat' dir='ltr'>in</span> <span class='ocrx_word' id='word_1_229' title='bbox 717 3100 902 3173; x_wconf 77' lang='lat' dir='ltr'>ipsum</span> <span class='ocrx_word' id='word_1_230' title='bbox 933 3094 1104 3173; x_wconf 68' lang='lat' dir='ltr'>quarn</span> <span class='ocrx_word' id='word_1_231' title='bbox 1151 3099 1207 3153; x_wconf 90' lang='lat' dir='ltr'>in</span> <span class='ocrx_word' id='word_1_232' title='bbox 1247 3114 1471 3153; x_wconf 80' lang='lat' dir='ltr'>sacrum</span> <span class='ocrx_word' id='word_1_233' title='bbox 1517 3094 1886 3169; x_wconf 84' lang='lat' dir='ltr'>impendere:</span> 
     </span>
    </p>
   </div>
   <div class='ocr_carea' id='block_1_3' title="bbox 229 3174 2007 3255">
    <p class='ocr_par' dir='ltr' id='par_1_3' title="bbox 229 3174 2007 3255">
     <span class='ocr_line' id='line_1_35' title="bbox 229 3174 2007 3255; baseline 0.001 -20"><span class='ocrx_word' id='word_1_234' title='bbox 229 3179 478 3254; x_wconf 85' lang='lat' dir='ltr'>reliquas</span> <span class='ocrx_word' id='word_1_235' title='bbox 497 3176 630 3237; x_wconf 75' lang='lat' dir='ltr'>vero</span> <span class='ocrx_word' id='word_1_236' title='bbox 658 3198 858 3237; x_wconf 88' lang='lat' dir='ltr'>novem</span> <span class='ocrx_word' id='word_1_237' title='bbox 889 3194 1076 3255; x_wconf 80' lang='lat' dir='ltr'>partes</span> <span class='ocrx_word' id='word_1_238' title='bbox 1099 3179 1210 3236; x_wconf 85' lang='lat' dir='ltr'>sibi</span> <span class='ocrx_word' id='word_1_239' title='bbox 1231 3178 1661 3243; x_wconf 82' lang='lat' dir='ltr'>faenerarentur‚</span> <span class='ocrx_word' id='word_1_240' title='bbox 1686 3176 1889 3246; x_wconf 86' lang='lat' dir='ltr'>donec,</span> <span class='ocrx_word' id='word_1_241' title='bbox 1986 3174 2007 3180; x_wconf 69' lang='grc'><strong>’</strong></span> 
     </span>
    </p>
   </div>
   <div class='ocr_carea' id='block_1_4' title="bbox 221 3260 1899 3751">
    <p class='ocr_par' dir='ltr' id='par_1_4' title="bbox 229 3260 1893 3338">
     <span class='ocr_line' id='line_1_36' title="bbox 229 3260 1893 3338; baseline 0.002 -23"><span class='ocrx_word' id='word_1_242' title='bbox 229 3260 391 3335; x_wconf 90' lang='lat' dir='ltr'>quod</span> <span class='ocrx_word' id='word_1_243' title='bbox 439 3260 704 3318; x_wconf 87' lang='lat' dir='ltr'>adversus</span> <span class='ocrx_word' id='word_1_244' title='bbox 743 3280 934 3338; x_wconf 83' lang='lat' dir='ltr'>regem</span> <span class='ocrx_word' id='word_1_245' title='bbox 983 3262 1277 3319; x_wconf 86' lang='lat' dir='ltr'>Persarum</span> <span class='ocrx_word' id='word_1_246' title='bbox 1325 3262 1645 3338; x_wconf 86' lang='lat' dir='ltr'>gerebatur,</span> <span class='ocrx_word' id='word_1_247' title='bbox 1672 3260 1893 3318; x_wconf 89' lang='lat' dir='ltr'>bellum</span> 
     </span>
    </p>

    <p class='ocr_par' dir='ltr' id='par_1_5' title="bbox 227 3340 1894 3421">
     <span class='ocr_line' id='line_1_37' title="bbox 227 3340 1894 3421; baseline 0 -22"><span class='ocrx_word' id='word_1_248' title='bbox 227 3343 406 3399; x_wconf 82' lang='lat' dir='ltr'>finem</span> <span class='ocrx_word' id='word_1_249' title='bbox 433 3346 749 3402; x_wconf 84' lang='lat' dir='ltr'>sortiretur.</span> <span class='ocrx_word' id='word_1_250' title='bbox 837 3344 1182 3419; x_wconf 75' lang='lat' dir='ltr'>Quicunque</span> <span class='ocrx_word' id='word_1_251' title='bbox 1227 3355 1419 3421; x_wconf 78' lang='lat' dir='ltr'>autem</span> <span class='ocrx_word' id='word_1_252' title='bbox 1452 3342 1604 3399; x_wconf 86' lang='lat' dir='ltr'>aedes</span> <span class='ocrx_word' id='word_1_253' title='bbox 1646 3351 1745 3399; x_wconf 88' lang='lat' dir='ltr'>aut</span> <span class='ocrx_word' id='word_1_254' title='bbox 1785 3340 1894 3399; x_wconf 84' lang='lat' dir='ltr'>do·</span> 
     </span>
    </p>

    <p class='ocr_par' dir='ltr' id='par_1_6' title="bbox 229 3423 1895 3495">
     <span class='ocr_line' id='line_1_38' title="bbox 229 3423 1895 3495; baseline -0.002 -13"><span class='ocrx_word' id='word_1_255' title='bbox 229 3424 452 3484; x_wconf 86' lang='lat' dir='ltr'>micilia</span> <span class='ocrx_word' id='word_1_256' title='bbox 503 3426 799 3493; x_wconf 89' lang='lat' dir='ltr'>haberent,</span> <span class='ocrx_word' id='word_1_257' title='bbox 849 3428 921 3483; x_wconf 90' lang='lat' dir='ltr'>ab</span> <span class='ocrx_word' id='word_1_258' title='bbox 973 3429 1042 3484; x_wconf 83' lang='lat' dir='ltr'>iis</span> <span class='ocrx_word' id='word_1_259' title='bbox 1081 3426 1361 3483; x_wconf 75' lang='lat' dir='ltr'>omnibus</span> <span class='ocrx_word' id='word_1_260' title='bbox 1410 3424 1656 3483; x_wconf 79' lang='lat' dir='ltr'>conferri</span> <span class='ocrx_word' id='word_1_261' title='bbox 1703 3423 1895 3495; x_wconf 83' lang='lat' dir='ltr'>jussit,</span> 
     </span>
    </p>

    <p class='ocr_par' dir='ltr' id='par_1_7' title="bbox 225 3505 1897 3585">
     <span class='ocr_line' id='line_1_39' title="bbox 225 3505 1897 3585; baseline -0.001 -21"><span class='ocrx_word' id='word_1_262' title='bbox 225 3517 516 3583; x_wconf 85' lang='lat' dir='ltr'>quantum</span> <span class='ocrx_word' id='word_1_263' title='bbox 543 3508 666 3585; x_wconf 87' lang='lat' dir='ltr'>ipse</span> <span class='ocrx_word' id='word_1_264' title='bbox 693 3516 954 3585; x_wconf 87' lang='lat' dir='ltr'>oportere</span> <span class='ocrx_word' id='word_1_265' title='bbox 981 3510 1389 3567; x_wconf 76' lang='lat' dir='ltr'>constituisset.</span> <span class='ocrx_word' id='word_1_266' title='bbox 1474 3505 1727 3581; x_wconf 83' lang='lat' dir='ltr'>Singulis</span> <span class='ocrx_word' id='word_1_267' title='bbox 1757 3506 1897 3562; x_wconf 90' lang='lat' dir='ltr'>item</span> 
     </span>
    </p>

    <p class='ocr_par' dir='ltr' id='par_1_8' title="bbox 221 3588 1899 3751">
     <span class='ocr_line' id='line_1_40' title="bbox 221 3588 1899 3669; baseline -0.002 -20"><span class='ocrx_word' id='word_1_268' title='bbox 221 3590 568 3669; x_wconf 74' lang='lat' dir='ltr'>corporibus</span> <span class='ocrx_word' id='word_1_269' title='bbox 591 3589 796 3653; x_wconf 83' lang='lat' dir='ltr'>eadem</span> <span class='ocrx_word' id='word_1_270' title='bbox 823 3593 1044 3651; x_wconf 80' lang='lat' dir='ltr'>ratione</span> <span class='ocrx_word' id='word_1_271' title='bbox 1079 3590 1363 3649; x_wconf 87' lang='lat' dir='ltr'>tributum</span> <span class='ocrx_word' id='word_1_272' title='bbox 1404 3588 1699 3668; x_wconf 79' lang='lat' dir='ltr'>imposuit.</span> <span class='ocrx_word' id='word_1_273' title='bbox 1782 3588 1899 3649; x_wconf 79' lang='lat' dir='ltr'>Qui</span> 
     </span>
     <span class='ocr_line' id='line_1_41' title="bbox 995 3679 1166 3751; baseline 0.006 -18"><span class='ocrx_word' id='word_1_274' title='bbox 995 3692 1034 3733; x_wconf 79' lang='lat' dir='ltr'>e</span> <span class='ocrx_word' id='word_1_275' title='bbox 1064 3690 1104 3751; x_wconf 78' lang='lat' dir='ltr'>g</span> <span class='ocrx_word' id='word_1_276' title='bbox 1133 3679 1166 3734; x_wconf 80' lang='lat'><strong><em>3</em></strong></span> 
     </span>
    </p>
   </div>
  </div>
 </body>
</html>
