2517 4100
888 281 1127 348 LIBER
1165 283 1243 344 11.
1792 291 1921 348 που

323 529 611 606 Byaantii,
638 531 709 590 in·
727 529 994 606 pecuniae
1019 533 1285 608 penuria,
1309 531 1442 589 loca
1473 529 1711 608 publica
1750 547 1924 590 sacra-

239 610 647 682 vendiderunt,
679 611 970 669 fructuosa
1011 612 1250 690 quidem
1290 613 1367 671 ad
1407 622 1628 686 certum
1666 624 1917 692 tempus,

240 693 596 754 infructuosa
619 692 752 753 vero
777 692 853 750 ad
879 698 1293 772 proprietatem
1320 704 1659 773 perpetuam
1683 716 1699 753 z
1744 697 1919 755 item-

243 795 360 852 que
387 795 456 834 ea
483 797 616 854 quae
644 775 966 834 sodalitates
995 777 1371 854 possidebant
1406 787 1465 836 et
1491 795 1623 852 quae
1651 777 1727 835 ad
1756 796 1918 838 sacra

241 859 480 933 gentilia
505 859 876 936 pertinebant
917 859 1068 918 cums
1093 862 1206 917 alia
1248 860 1371 921 tam
1414 863 1474 918 in
1505 863 1656 936 agris
1682 862 1921 937 privatis

243 941 372 998 sita.
459 941 610 1000 Nam
651 942 764 998 boc
799 958 1020 1015 magno
1055 941 1329 999 emebant
1358 943 1398 999 ii
1426 961 1668 1018 quorum
1694 941 1921 1018 reliqua

241 1031 367 1079 erat
395 1026 698 1098 possessiO.
785 1021 1070 1080 Sodalitiis
1109 1043 1160 1081 a⁴
1189 1022 1499 1081 tradebant
1526 1025 1759 1100 publica
1786 1024 1917 1092 alia,

247 1120 380 1179 quae
415 1115 579 1162 erant
619 1107 838 1162 circum
881 1107 1250 1181 gymnasium
1296 1115 1396 1162 aut
1432 1105 1618 1162 forum
1660 1113 1759 1162 aut
1782 1124 1921 1180 por-

247 1194 394 1252 tum,
417 1205 528 1244 nec
557 1205 674 1244 non
705 1184 948 1244 forensia
975 1188 1124 1257 loca,
1155 1188 1252 1244 ubi
1284 1185 1505 1264 aliquid
1526 1186 1879 1244 vendebatur
1898 1207 1917 1246 ι

247 1275 532 1343 praeterea
574 1267 784 1326 salinas
823 1269 996 1327 maris
1038 1279 1098 1327 et
1140 1270 1274 1328 salis
1314 1277 1734 1326 mercaturam:
1782 1269 1923 1326 item

247 1350 351 1406 ubi
378 1360 664 1425 quaestum
705 1351 998 1410 faciebant
1025 1354 1451 1446 praestigiarum
1483 1351 1747 1416 artificeS,
1767 1361 1927 1409 vates

249 1441 312 1488 et
346 1433 817 1510 pharmacopolae
859 1447 918 1490 et
955 1433 1016 1490 id
1057 1437 1285 1510 generis
1326 1435 1443 1500 alii,
1470 1435 1925 1490 constituerunt-

251 1531 366 1589 que
395 1522 461 1571 ut
487 1516 716 1572 tertiam
743 1513 993 1590 quoestfis
1025 1527 1250 1592 partem
1282 1515 1640 1594 penderent:
1686 1533 1933 1591 permu-

242 1593 448 1653 'tandae
491 1601 758 1673 pecuniae
808 1615 1066 1655 mensam
1109 1617 1290 1656 unam
1339 1599 1539 1656 saltem
1582 1596 1921 1656 elocarunt:

251 1695 442 1754 neque
482 1679 697 1738 licebat
733 1678 846 1736 alio
885 1699 1069 1738 numo
1093 1681 1180 1738 vel
1211 1681 1285 1738 de
1310 1681 1491 1738 altero
1514 1699 1703 1737 emere
1728 1679 1817 1737 vel
1842 1679 1925 1736 afl-

251 1761 361 1816 teri
413 1760 656 1818 vendere
708 1763 1024 1840 quicquam
1079 1763 1184 1821 sub
1238 1764 1529 1822 bonorum
1585 1763 1926 1838 privatione.

253 1842 332 1898 Et
371 1861 506 1898 cum
547 1843 642 1900 lex
683 1842 836 1918 apud
881 1863 977 1902 eos
1023 1855 1211 1902 esset.
1270 1863 1391 1902 non
1439 1842 1777 1909 habendum
1818 1861 1929 1918 pro

255 1924 377 1979 cive
407 1924 506 1998 qui
536 1943 657 1981 non
695 1935 938 2002 utroque
965 1935 1204 2000 parente
1245 1927 1371 1982 cive
1398 1932 1567 1982 natus
1590 1923 1805 2004 fuisset,
1816 1926 1928 1982 in-
2011 1934 2017 1940 ’

257 2003 379 2081 digi
429 2007 678 2081 pecunia
719 2003 952 2064 decreto
994 2004 1343 2065 sanxerunt:
1400 2007 1499 2084 qui
1546 2006 1726 2064 altero
1774 1968 1927 2063 dun-

255 2096 416 2145 taxat
443 2097 682 2165 parente
719 2089 843 2145 cive
886 2097 1056 2146 natus
1087 2099 1253 2157 esset,
1282 2090 1329 2146 si
1362 2088 1718 2181 persolvisset
1756 2089 1929 2147 trice-

237 2186 362 2247 nas
403 2173 608 2239 minas,
651 2186 758 2245 pro
797 2171 920 2227 cive
966 2169 1470 2229 habendum.1n
1518 2171 1785 2228 caritate
1770 2166 1929 2228 vero

257 2269 510 2310 annonae
553 2270 686 2309 cum
730 2253 998 2328 pecuniae
1043 2252 1241 2330 inopia
1283 2253 1631 2319 laborarent,
1672 2251 1937 2311 dedum-‘-

259 2342 399 2390 runt
423 2335 652 2408 navigia
679 2352 752 2391 ex
778 2343 959 2410 ponto
986 2335 1045 2393 in
1078 2346 1332 2411 portum,
1356 2332 1519 2411 quod
1542 2352 1679 2391 cum
1704 2352 1931 2393 merca·

258 2425 406 2473 tores
451 2415 652 2493 inique
689 2416 924 2480 ferrent,
964 2434 1164 2469 usuras
1203 2420 1289 2469 eis
1336 2416 1725 2490 persolverunt
1770 2415 1931 2473 deci-

257 2515 417 2556 mas:
459 2499 576 2550 ab
563 2500 636 2550 iis
669 2503 864 2551 autem
895 2495 996 2566 qui
1023 2494 1296 2551 emebant
1324 2495 1469 2549 ultra
1495 2497 1745 2569 pretium
1772 2494 1932 2555 deci·

257 2594 386 2633 mas
411 2574 740 2649 exigebant.
819 2571 998 2648 Apud
1025 2573 1256 2632 eosdem
1288 2592 1425 2633 cum
1448 2592 1523 2631 ex
1564 2576 1766 2633 incolis
1802 2579 1935 2654 qui-

265 2651 402 2715 dam
443 2656 660 2715 faenore
699 2655 1076 2714 collocassent
1117 2658 1394 2731 pecunias
1431 2659 1711 2732 oppositis
1746 2658 1937 2729 bonis,

265 2742 472 2797 scitum
511 2740 786 2804 fecerunt,
825 2748 888 2794 ut
928 2740 1028 2813 qui
1072 2741 1301 2796 tertiam
1342 2748 1570 2813 partem
1610 2737 1788 2798 debiti
1830 2739 1937 2799 foe-

263 2824 428 2879 noris
459 2824 696 2879 nomine
737 2819 1042 2887 conferret,
1081 2820 1236 2879 bona
1282 2820 1374 2879 illa
1417 2828 1481 2878 ut
1522 2823 1761 2899 propria
1798 2825 1937 2881 reti·

267 2912 451 2962 neret.
1636 2900 1641 2908 ’
1916 2927 1919 2933 ·

1073 2994 1132 3048 4.

340 3069 603 3147 „Hippias
650 3070 1022 3135 Atheniensis
1071 3071 1389 3137 eminentia
1430 3070 1497 3126 in
1552 3069 1941 3145 superioribus

273 3149 486 3209 aedium
516 3151 776 3227 partibus
811 3162 870 3210 et
898 3162 1168 3228 protensa
1214 3154 1273 3209 in
1318 3150 1578 3227 publicas
1604 3154 1737 3223 vias,
1769 3155 1939 3212 item'-

272 3252 384 3308 que
413 3234 706 3291 Scalarum
738 3232 946 3310 gradus
985 3245 1044 3291 et
1071 3237 1419 3310 praemunita
1445 3235 1739 3303 vestibula,
1767 3247 1826 3293 et
1845 3238 1939 3309 ja-

271 3334 418 3372 nuas
457 3334 606 3391 qute·
628 3314 941 3392 aperiendo
981 3330 1297 3374 extrorsum
1328 3318 1709 3383 vertebantur,
1736 3315 1943 3375 vendi-

263 3395 380 3463 -dit,
399 3400 672 3455 emebant
701 3400 828 3456 haec
857 3401 896 3454 ii
929 3418 1168 3473 quorum
1201 3403 1583 3473 possessiones
1610 3403 1749 3474 ipsae
1774 3408 1943 3461 eraut

269 3487 332 3536 et
361 3480 440 3535 ita
453 3483 704 3555 'copiosa
731 3481 978 3556 pecunia
1003 3481 1242 3539 collecta
1278 3494 1383 3538 est.
1472 3484 1741 3538 Numum·
1764 3480 1942 3537 etiam

275 3563 376 3637 qui
407 3571 548 3619 tunc
575 3563 824 3621 Athenis
850 3564 919 3619 in·
951 3580 1056 3621 usu
1091 3575 1233 3629 erat,
1264 3564 1593 3638 improbum
1633 3578 1754 3618 esse
1771 3562 1946 3633 jussit

263 3652 336 3700 et
359 3648 546 3721 pretio
571 3647 886 3708 constituto
924 3644 1000 3703 ad
1037 3663 1096 3705 se
1136 3647 1449 3725 pecuniam
1475 3660 1707 3703 omnem
1734 3640 1945 3702 deferri

2478 3592 2486 3788 ...-.fi----.
