2517 4100
300 2196 484 2260 Odyss.
509 2194 557 2251 ζ.

609 253 733 314 ³29
1082 235 1781 317 OEcoNomcomJM

604 417 868 477 meliores
909 427 1063 488 sunt,
1081 429 1149 479 'et
1178 419 1345 476 mites
1372 417 1577 478 natura
1600 427 1777 495 atque
1800 413 2067 487 humani,
2091 407 2284 473 etiam

604 502 798 558 minus
840 504 1125 579 sapientes
1163 517 1301 575 erga
1336 506 1757 578 praestantiores
1804 516 1924 558 sese
1965 497 2281 578 sapientia,

601 601 724 660 quo
750 586 950 642 animo
975 603 1106 642 cum
1134 583 1367 658 mysses
1393 592 1541 641 esset
1565 601 1705 659 erga
1730 581 2083 662 Penelopen,
2110 578 2283 638 nulla

601 671 802 723 tamen
851 669 908 724 in
957 685 1040 734 re,
1079 667 1184 723 etsi
1231 665 1455 732 abseuS,
1494 667 1659 724 illam
1701 677 1963 741 unquam
2012 656 2279 722 offendit.

601 749 950 822 At·sequius
977 751 1403 824 Agamemnon,
1432 750 1533 825 qui
1576 746 1897 824 Chryseida
1934 746 2278 813 Barbaram,

599 829 848 887 violento
883 848 1038 888 nexu
1080 830 1190 887 sibi
1217 833 1505 904 junctam,
1534 844 1667 888 cum
1712 832 1955 888 nesciret
1982 847 2100 908 quo
2132 843 2280 904 erga

599 929 660 969 se
683 921 831 969 esset
857 913 1056 972 animo
1071 911 1566 990 'Clytaemnestrae,
1596 931 1669 969 ex
1696 930 1811 989 qua
1826 913 1953 985 jam
1979 911 2279 989 legitimos

597 1003 928 1070 susceperat
949 995 1184 1062 iibe'ros,
1205 995 1469 1073 improbe
1494 995 1774 1073 praetulit.
1847 995 2066 1052 Contra
2094 990 2279 1067 Ulys-

597 1095 685 1135 sea
725 1078 936 1135 iterum
975 1077 1391 1145 laudatissime,
1418 1079 1513 1134 cui
1554 1095 1689 1135 cum
1717 1077 1970 1138 Atlantis
2010 1073 2133 1133 filia
2156 1075 2275 1130 im-

597 1159 1005 1220 mortalitatem
1049 1159 1432 1237 polliceretur,
1462 1162 1506 1216 si
1551 1177 1748 1219 secum
1778 1166 2120 1226 remaneret,
2146 1173 2278 1213 non

597 1239 731 1300 ideo
765 1261 1022 1301 amorem
1063 1241 1353 1320 fidemque
1395 1243 1648 1320 conjugii
1676 1240 1923 1319 prodere
1947 1240 2148 1304 voluit,
2178 1238 2279 1294 in-

598 1333 716 1383 star
739 1327 1051 1400 gravissimi
1081 1334 1238 1383 ratus
1280 1327 1552 1402 supplicii
1591 1327 1781 1404 ipsum
1824 1321 2281 1384 immortalitatis

599 1405 822 1466 donum
843 1409 902 1464 in
922 1410 1279 1466 conscientia
1300 1407 1560 1486 perfidiae
1582 1417 1753 1484 atque
1769 1407 2040 1465 sceleris:
2076 1398 2283 1462 Idem-

597 1507 712 1566 que
737 1489 946 1548 Circen
990 1506 1224 1567 quoqne
1266 1492 1523 1569 reliquit,
1548 1492 1659 1549 ‘etsi
1703 1489 1947 1548 salutem
1988 1489 2287 1545 sociorum

596 1573 983 1648 promitteret,
1019 1571 1397 1650 respondens,
1441 1572 1588 1632 nihil
1636 1591 1739 1630 sua
1780 1572 1888 1630 sibi
1931 1571 2122 1647 patria
2169 1566 2285 1623 etsi

597 1669 799 1728 aspera
841 1663 900 1710 et
941 1655 1160 1712 inculta
1187 1655 1414 1714 dulcius
1438 1653 1637 1712 videri.
1665 1646 1669 1656 '
1724 1650 2007 1711 Praeterea
2034 1650 2283 1708 Poetam

594 1733 872 1811 pudieam
911 1739 1105 1796 uxoris
1145 1746 1319 1816 atque
1352 1738 1455 1794 viri
1495 1737 1819 1794 castitatem
1862 1732 2157 1810 probasse,
2207 1748 2285 1788 ex

595 1815 878 1876 Oratione
903 1819 1131 1898 Ulyssis
1155 1817 1230 1877 ad
1259 1819 1607 1876 Nausicaan:
1633 1815 1835 1874 habita
1863 1821 2129 1894 apparet,
2157 1826 2287 1886 qua

594 1897 748 1957 Deos
773 1912 1066 1978 precatur,
1093 1909 1155 1959 ut
1185 1903 1294 1979 ipsi
1324 1899 1600 1965 tribuant,
1630 1899 1904 1958 maritum
1934 1912 2001 1954 ac
2030 1891 2282 1953 domum

594 1990 655 2039 et
679 1981 1069 2051 concordiam,
1093 2001 1207 2040 non
1227 1983 1522 2060 vulgarem
1550 1979 1716 2039 illam
1744 1974 2001 2057 quidem,
2023 1975 2125 2037 sed
2146 1977 2284 2036 lau-

598 2063 854 2127 dabilem
881 2086 948 2126 ac
975 2064 1209 2134 bonam,
1235 2083 1373 2126 cum
1400 2074 1466 2125 ut
1492 2064 1825 2143 inquiebat:

1023 2254 1026 2261 =
1298 2186 1355 2241 οὗ
1381 2206 1601 2261 agriaco!
1625 2206 1718 2239 nas
1744 2206 1903 2260 αςειον

835 2285 866 2319 a
895 2256 974 2315 ὅθ’
995 2256 1325 2335 ὅμὸφρὸκοντι
1354 2285 1591 2335 temptam!
1617 2283 1741 2325 osxop
1763 2280 1949 2337 ‘exn-ror

830 2348 956 2416 Amg
979 2333 1058 2399 ἣδε
1083 2360 1225 2405 ‘rvm-

1251 2455 1440 2521 m'cllu'q
1460 2456 1533 2504 nil
1558 2470 1619 2503 ac
1642 2456 1969 2519 praeat‘antlus
1992 2470 2103 2505 esse

733 2522 1180 2573 Pone-hominum
1205 2522 1399 2581 generi,
1420 2524 1581 2588 quam
1604 2522 1650 2573 si
1671 2523 1753 2571 vir
1773 2528 1951 2585 regnet
1970 2530 2025 2572 et
2041 2537 2179 2573 uxor
2214 2557 2225 2561 -

734 2594 845 2641 Una
866 2597 1038 2639 mente
1060 2590 1228 2639 domo.
1807 2606 1813 2617 -

604 2697 800 2783 Atque
828 2702 1010 2772 addit,
1031 2702 1134 2761 tali
1161 2691 1315 2759 i'nter
1332 2702 1520 2758 virum
1539 2709 1603 2758 et
1628 2716 1864 2759 uxorem
1885 2702 2113 2779 vigente
2134 2718 2282 2761 con-

569 2786 820 2858 ·cordia,
847 2784 1153 2843 malevolos
1187 2782 1402 2859 magna
1444 2784 1594 2841 affici
1637 2782 1888 2851 tristitia,
1914 2784 2101 2841 loetari
2139 2785 2281 2844 vere>

529 2864 536 2875 '
601 2868 922 2936 benevolos·
990 2865 1241 2943 Id'quod
1262 2875 1498 2924 eventus
1518 2884 1747 2945 quoque
1776 2864 2044 2933 ostendit.
2116 2863 2279 2925 Nam

604 2952 650 3005 si
683 2952 832 3006 inter
856 2950 1040 3023 virum
1071 2958 1130 3005 et
1157 2963 1394 3007 uxorem
1422 2952 1481 3007 in
1514 2951 1868 3025 optimarum
1908 2966 2102 3005 rerum
2148 2956 2277 3005 stu—

605 3030 705 3087 dio
731 3030 897 3089 firma
933 3030 1108 3087 fuerit
1144 3028 1471 3099 concordia,
1502 3031 1804 3090 amborum
1832 3032 2047 3088 amicos
2074 3047 2140 3086 ac
2166 3028 2279 3087 be-

605 3103 834 3169 nevolos
861 3120 918 3167 et
955 3114 1103 3169 inter
1129 3130 1188 3169 se
1229 3124 1290 3169 et
1330 3131 1465 3170 cum
1507 3115 1648 3189 ipsis
1688 3113 2013 3173 consentire
2040 3128 2277 3180 necesse

604 3203 692 3251 est
713 3212 732 3250 τ
775 3203 946 3268 atque
967 3195 1068 3249 'ita
1107 3210 1214 3267 per
1252 3192 1625 3253 concordiam
1666 3196 1872 3273 opibus
1902 3201 1970 3266 ,et
2006 3196 2280 3271 potentia

606 3276 758 3333 aucti
785 3288 920 3333 cum
952 3276 1200 3332 inimicis
1240 3276 1348 3333 sibi
1386 3276 1635 3337 nocendi
1663 3282 1828 3355 s'pem
1855 3273 2118 3334 adiment
2144 3274 2281 3335 tuin

607 3360 722 3417 suis
758 3356 1040 3435 profuturi
1083 3367 1255 3415 sunt·:
1302 3368 1427 3417 orto
1472 3360 1622 3419 inter
1647 3380 1745 3419 eos
1785 3352 2024 3427 dissidio
2066 3358 2277 3417 ambo-

607 3457 736 3501 rum
765 3458 993 3518 quoque
1023 3441 1193 3513 amici
1225 3438 1640 3503 discordabunt
1668 3454 1727 3503 et
1768 3443 1879 3523 ipsi
1922 3458 2051 3501 suas
2090 3436 2276 3501 dimi-

609 3526 711 3581 nu‘i
735 3526 880 3582 vires
903 3522 1244 3601 cumprimis
1271 3526 1534 3584 sentient.
