<?xml version="1.0" encoding="UTF-8"?>
<!DOCTYPE html PUBLIC "-//W3C//DTD XHTML 1.0 Transitional//EN"
    "http://www.w3.org/TR/xhtml1/DTD/xhtml1-transitional.dtd">
<html xmlns="http://www.w3.org/1999/xhtml" xml:lang="en" lang="en">
 <head>
  <title>
</title>
<meta http-equiv="Content-Type" content="text/html;charset=utf-8" />
  <meta name='ocr-system' content='tesseract 3.04.00' />
  <meta name='ocr-capabilities' content='ocr_page ocr_carea ocr_par ocr_line ocrx_word'/>
</head>
<body>
  <div class='ocr_page' id='page_1' title='image "./epitomedoctrina00goligoog_0050.png"; bbox 0 0 2517 4100; ppageno 0'>
   <div class='ocr_carea' id='block_1_1' title="bbox 624 260 1735 325">
    <p class='ocr_par' dir='ltr' id='par_1_1' title="bbox 624 260 1735 325">
     <span class='ocr_line' id='line_1_1' title="bbox 624 260 1735 325; baseline -0.004 0"><span class='ocrx_word' id='word_1_1' title='bbox 624 268 706 325; x_wconf 71' lang='lat'><strong>36</strong></span> <span class='ocrx_word' id='word_1_2' title='bbox 1175 260 1735 323; x_wconf 81' lang='lat' dir='ltr'>POLITICORUM</span> 
     </span>
    </p>
   </div>
   <div class='ocr_carea' id='block_1_2' title="bbox 620 385 2305 569">
    <p class='ocr_par' dir='ltr' id='par_1_2' title="bbox 620 385 2305 569">
     <span class='ocr_line' id='line_1_2' title="bbox 620 385 2305 487; baseline 0.001 -17"><span class='ocrx_word' id='word_1_3' title='bbox 620 423 684 471; x_wconf 84' lang='lat' dir='ltr'><strong>et</strong></span> <span class='ocrx_word' id='word_1_4' title='bbox 715 409 972 487; x_wconf 84' lang='lat' dir='ltr'><strong>postulat</strong></span> <span class='ocrx_word' id='word_1_5' title='bbox 1018 421 1242 472; x_wconf 79' lang='lat' dir='ltr'><strong>naturoe</strong></span> <span class='ocrx_word' id='word_1_6' title='bbox 1270 385 1628 473; x_wconf 74' lang='lat' dir='ltr'>necessitas.</span> <span class='ocrx_word' id='word_1_7' title='bbox 1673 410 1805 469; x_wconf 79' lang='lat' dir='ltr'><strong>hoec</strong></span> <span class='ocrx_word' id='word_1_8' title='bbox 1830 406 1967 471; x_wconf 69' lang='lat' dir='ltr'><strong>vero</strong></span> <span class='ocrx_word' id='word_1_9' title='bbox 1994 412 2305 473; x_wconf 82' lang='lat' dir='ltr'><strong>homiuum</strong></span> 
     </span>
     <span class='ocr_line' id='line_1_3' title="bbox 623 492 2303 569; baseline 0.001 -18"><span class='ocrx_word' id='word_1_10' title='bbox 623 492 906 551; x_wconf 86' lang='lat' dir='ltr'><strong>industria</strong></span> <span class='ocrx_word' id='word_1_11' title='bbox 933 504 994 551; x_wconf 88' lang='lat' dir='ltr'><strong>et</strong></span> <span class='ocrx_word' id='word_1_12' title='bbox 1021 506 1142 551; x_wconf 77' lang='lat' dir='ltr'><strong>arte</strong></span> <span class='ocrx_word' id='word_1_13' title='bbox 1167 505 1256 551; x_wconf 88' lang='lat' dir='ltr'><strong>est</strong></span> <span class='ocrx_word' id='word_1_14' title='bbox 1286 496 1536 553; x_wconf 82' lang='lat' dir='ltr'><strong>inventa.</strong></span> <span class='ocrx_word' id='word_1_15' title='bbox 1622 493 1829 568; x_wconf 85' lang='lat' dir='ltr'><strong>Itaque</strong></span> <span class='ocrx_word' id='word_1_16' title='bbox 1872 494 2035 569; x_wconf 86' lang='lat' dir='ltr'><strong>prior</strong></span> <span class='ocrx_word' id='word_1_17' title='bbox 2076 504 2167 553; x_wconf 86' lang='lat' dir='ltr'><strong>est</strong></span> <span class='ocrx_word' id='word_1_18' title='bbox 2198 513 2303 553; x_wconf 88' lang='lat' dir='ltr'><strong>ne-</strong></span> 
     </span>
    </p>
   </div>
   <div class='ocr_carea' id='block_1_3' title="bbox 619 573 1987 730">
    <p class='ocr_par' dir='ltr' id='par_1_3' title="bbox 619 573 1987 730">
     <span class='ocr_line' id='line_1_4' title="bbox 619 573 1621 649; baseline -0.002 -18"><span class='ocrx_word' id='word_1_19' title='bbox 619 576 890 641; x_wconf 83' lang='lat' dir='ltr'><strong>cessaria,</strong></span> <span class='ocrx_word' id='word_1_20' title='bbox 916 574 1046 633; x_wconf 84' lang='lat' dir='ltr'><strong>haec</strong></span> <span class='ocrx_word' id='word_1_21' title='bbox 1069 584 1267 649; x_wconf 71' lang='lat' dir='ltr'><strong>autem</strong></span> <span class='ocrx_word' id='word_1_22' title='bbox 1288 573 1621 639; x_wconf 80' lang='lat' dir='ltr'><strong>adventitia.</strong></span> 
     </span>
     <span class='ocr_line' id='line_1_5' title="bbox 1022 655 1987 730; baseline -0.001 -19"><span class='ocrx_word' id='word_1_23' title='bbox 1022 657 1182 712; x_wconf 67' lang='lat' dir='ltr'><strong>Quod</strong></span> <span class='ocrx_word' id='word_1_24' title='bbox 1207 669 1285 713; x_wconf 77' lang='lat' dir='ltr'><strong>est</strong></span> <span class='ocrx_word' id='word_1_25' title='bbox 1306 658 1535 713; x_wconf 79' lang='lat' dir='ltr'><strong>alterum</strong></span> <span class='ocrx_word' id='word_1_26' title='bbox 1564 655 1855 730; x_wconf 76' lang='lat' dir='ltr'><strong><em>discrimen</em></strong></span> <span class='ocrx_word' id='word_1_27' title='bbox 1880 658 1911 710; x_wconf 70' lang='lat' dir='ltr'><em>t</em></span> <span class='ocrx_word' id='word_1_28' title='bbox 1980 696 1987 702; x_wconf 85' lang='lat'>.</span> 
     </span>
    </p>
   </div>
   <div class='ocr_carea' id='block_1_4' title="bbox 619 731 2303 1055">
    <p class='ocr_par' dir='ltr' id='par_1_4' title="bbox 619 731 2303 1055">
     <span class='ocr_line' id='line_1_6' title="bbox 709 731 2303 813; baseline 0.003 -22"><span class='ocrx_word' id='word_1_29' title='bbox 709 736 934 794; x_wconf 78' lang='lat' dir='ltr'><em>Deinde</em></span> <span class='ocrx_word' id='word_1_30' title='bbox 981 734 1256 794; x_wconf 85' lang='lat' dir='ltr'><strong>differunt</strong></span> <span class='ocrx_word' id='word_1_31' title='bbox 1282 753 1455 792; x_wconf 82' lang='lat' dir='ltr'><strong>causa</strong></span> <span class='ocrx_word' id='word_1_32' title='bbox 1500 731 1770 793; x_wconf 78' lang='lat' dir='ltr'><strong>formali:</strong></span> <span class='ocrx_word' id='word_1_33' title='bbox 1816 738 1957 813; x_wconf 86' lang='lat' dir='ltr'><strong>quia</strong></span> <span class='ocrx_word' id='word_1_34' title='bbox 2004 736 2166 812; x_wconf 84' lang='lat' dir='ltr'><strong>prior</strong></span> <span class='ocrx_word' id='word_1_35' title='bbox 2212 746 2303 795; x_wconf 87' lang='lat' dir='ltr'><strong>est</strong></span> 
     </span>
     <span class='ocr_line' id='line_1_7' title="bbox 619 815 2301 892; baseline 0 -17"><span class='ocrx_word' id='word_1_36' title='bbox 619 815 813 883; x_wconf 78' lang='lat' dir='ltr'><strong>finita,</strong></span> <span class='ocrx_word' id='word_1_37' title='bbox 852 819 1024 873; x_wconf 82' lang='lat' dir='ltr'><strong>certis</strong></span> <span class='ocrx_word' id='word_1_38' title='bbox 1051 818 1327 887; x_wconf 76' lang='lat' dir='ltr'><strong>nimirum</strong></span> <span class='ocrx_word' id='word_1_39' title='bbox 1363 818 1627 874; x_wconf 86' lang='lat' dir='ltr'><strong>terminis</strong></span> <span class='ocrx_word' id='word_1_40' title='bbox 1668 817 1743 872; x_wconf 86' lang='lat' dir='ltr'><strong>ab</strong></span> <span class='ocrx_word' id='word_1_41' title='bbox 1780 817 1907 892; x_wconf 83' lang='lat' dir='ltr'><strong>ipsa</strong></span> <span class='ocrx_word' id='word_1_42' title='bbox 1950 828 2159 875; x_wconf 83' lang='lat' dir='ltr'><strong>natura</strong></span> <span class='ocrx_word' id='word_1_43' title='bbox 2182 820 2301 875; x_wconf 82' lang='lat' dir='ltr'><strong>cir-</strong></span> 
     </span>
     <span class='ocr_line' id='line_1_8' title="bbox 623 900 2303 975; baseline 0.002 -22"><span class='ocrx_word' id='word_1_44' title='bbox 623 900 1022 974; x_wconf 82' lang='lat' dir='ltr'><strong>cumscripta.</strong></span> <span class='ocrx_word' id='word_1_45' title='bbox 1007 917 1021 932; x_wconf 95' lang='lat'><strong>·</strong></span> <span class='ocrx_word' id='word_1_46' title='bbox 1067 905 1202 975; x_wconf 78' lang='lat' dir='ltr'><strong>&#39;quae</strong></span> <span class='ocrx_word' id='word_1_47' title='bbox 1257 900 1411 955; x_wconf 85' lang='lat' dir='ltr'><strong>sicut</strong></span> <span class='ocrx_word' id='word_1_48' title='bbox 1462 902 1665 975; x_wconf 78' lang='lat' dir='ltr'><strong>paucis</strong></span> <span class='ocrx_word' id='word_1_49' title='bbox 1720 912 1807 955; x_wconf 85' lang='lat' dir='ltr'><strong>est</strong></span> <span class='ocrx_word' id='word_1_50' title='bbox 1856 907 2157 963; x_wconf 86' lang='lat' dir='ltr'><strong>contenta,</strong></span> <span class='ocrx_word' id='word_1_51' title='bbox 2216 901 2303 957; x_wconf 72' lang='lat' dir='ltr'><strong>ita</strong></span> 
     </span>
     <span class='ocr_line' id='line_1_9' title="bbox 623 977 2299 1055; baseline 0.002 -22"><span class='ocrx_word' id='word_1_52' title='bbox 623 979 803 1034; x_wconf 85' lang='lat' dir='ltr'><strong>etiam</strong></span> <span class='ocrx_word' id='word_1_53' title='bbox 827 977 998 1038; x_wconf 69' lang='lat' dir='ltr'><strong>facile</strong></span> <span class='ocrx_word' id='word_1_54' title='bbox 1025 988 1214 1055; x_wconf 84' lang='lat' dir='ltr'><strong>potest</strong></span> <span class='ocrx_word' id='word_1_55' title='bbox 1264 980 1321 1035; x_wconf 89' lang='lat' dir='ltr'><strong>ei</strong></span> <span class='ocrx_word' id='word_1_56' title='bbox 1360 979 1639 1037; x_wconf 79' lang='lat' dir='ltr'><strong>satisfieri.</strong></span> <span class='ocrx_word' id='word_1_57' title='bbox 1730 980 1887 1036; x_wconf 86' lang='lat' dir='ltr'><strong>Nam</strong></span> <span class='ocrx_word' id='word_1_58' title='bbox 1932 989 2015 1036; x_wconf 78' lang='lat' dir='ltr'><strong>ut</strong></span> <span class='ocrx_word' id='word_1_59' title='bbox 2022 978 2146 1037; x_wconf 88' lang='lat' dir='ltr'><strong>Cic.</strong></span> <span class='ocrx_word' id='word_1_60' title='bbox 2172 980 2299 1038; x_wconf 79' lang='lat' dir='ltr'><strong>ait·</strong></span> 
     </span>
    </p>
   </div>
   <div class='ocr_carea' id='block_1_5' title="bbox 623 1056 2385 1137">
    <p class='ocr_par' dir='ltr' id='par_1_5' title="bbox 623 1056 2385 1137">
     <span class='ocr_line' id='line_1_10' title="bbox 623 1056 2385 1137; baseline 0 -20"><span class='ocrx_word' id='word_1_61' title='bbox 623 1058 883 1117; x_wconf 81' lang='lat' dir='ltr'><strong>Tantum</strong></span> <span class='ocrx_word' id='word_1_62' title='bbox 927 1056 1292 1117; x_wconf 72' lang='lat' dir='ltr'><strong>solummodd</strong></span> <span class='ocrx_word' id='word_1_63' title='bbox 1338 1062 1457 1117; x_wconf 87' lang='lat' dir='ltr'><strong>cibi</strong></span> <span class='ocrx_word' id='word_1_64' title='bbox 1499 1073 1558 1117; x_wconf 90' lang='lat' dir='ltr'><strong>et</strong></span> <span class='ocrx_word' id='word_1_65' title='bbox 1606 1061 1861 1137; x_wconf 82' lang='lat' dir='ltr'><strong>potionis</strong></span> <span class='ocrx_word' id='word_1_66' title='bbox 1894 1058 2300 1119; x_wconf 78' lang='lat' dir='ltr'><strong>adhibendum</strong></span> <span class='ocrx_word' id='word_1_67' title='bbox 2374 1080 2385 1097; x_wconf 87' lang='lat'><strong><em>¹</em></strong></span> 
     </span>
    </p>
   </div>
   <div class='ocr_carea' id='block_1_6' title="bbox 534 1133 2303 1215">
    <p class='ocr_par' dir='ltr' id='par_1_6' title="bbox 534 1133 2303 1215">
     <span class='ocr_line' id='line_1_11' title="bbox 534 1133 2303 1215; baseline 0.002 -21"><span class='ocrx_word' id='word_1_68' title='bbox 534 1186 542 1194; x_wconf 85' lang='grc'><strong><em>,</em></strong></span> <span class='ocrx_word' id='word_1_69' title='bbox 625 1149 736 1207; x_wconf 82' lang='lat' dir='ltr'><strong>est,</strong></span> <span class='ocrx_word' id='word_1_70' title='bbox 765 1150 830 1197; x_wconf 87' lang='lat' dir='ltr'><strong>ut</strong></span> <span class='ocrx_word' id='word_1_71' title='bbox 869 1142 1015 1197; x_wconf 75' lang='lat' dir='ltr'><strong>vires</strong></span> <span class='ocrx_word' id='word_1_72' title='bbox 1059 1150 1281 1199; x_wconf 69' lang='lat' dir='ltr'><strong>naturae</strong></span> <span class='ocrx_word' id='word_1_73' title='bbox 1324 1133 1677 1207; x_wconf 84' lang='lat' dir='ltr'><strong>reficiantur,</strong></span> <span class='ocrx_word' id='word_1_74' title='bbox 1708 1160 1823 1197; x_wconf 89' lang='lat' dir='ltr'><strong>non</strong></span> <span class='ocrx_word' id='word_1_75' title='bbox 1870 1144 2303 1215; x_wconf 79' lang='lat' dir='ltr'><strong>opprimantur.</strong></span> 
     </span>
    </p>
   </div>
   <div class='ocr_carea' id='block_1_7' title="bbox 624 1220 2301 1462">
    <p class='ocr_par' dir='ltr' id='par_1_7' title="bbox 624 1220 2301 1462">
     <span class='ocr_line' id='line_1_12' title="bbox 628 1220 2299 1315; baseline 0.001 -38"><span class='ocrx_word' id='word_1_76' title='bbox 628 1220 776 1277; x_wconf 76' lang='lat' dir='ltr'><strong>Haec</strong></span> <span class='ocrx_word' id='word_1_77' title='bbox 802 1231 994 1279; x_wconf 85' lang='lat' dir='ltr'><strong>autem</strong></span> <span class='ocrx_word' id='word_1_78' title='bbox 1029 1226 1313 1315; x_wconf 82' lang='lat' dir='ltr'><strong>posterior</strong></span> <span class='ocrx_word' id='word_1_79' title='bbox 1362 1222 1511 1280; x_wconf 78' lang='lat' dir='ltr'><strong>ratio</strong></span> <span class='ocrx_word' id='word_1_80' title='bbox 1538 1220 1879 1298; x_wconf 77' lang='lat' dir='ltr'>acquirendi</span> <span class='ocrx_word' id='word_1_81' title='bbox 1918 1231 2003 1278; x_wconf 87' lang='lat' dir='ltr'><strong>est</strong></span> <span class='ocrx_word' id='word_1_82' title='bbox 2042 1220 2299 1291; x_wconf 83' lang='lat' dir='ltr'><strong>infinita,</strong></span> 
     </span>
     <span class='ocr_line' id='line_1_13' title="bbox 624 1301 2301 1378; baseline 0.002 -22"><span class='ocrx_word' id='word_1_83' title='bbox 624 1315 890 1377; x_wconf 78' lang='lat' dir='ltr'>prosecta</span> <span class='ocrx_word' id='word_1_84' title='bbox 919 1306 1192 1360; x_wconf 85' lang='lat' dir='ltr'><strong>nimirum</strong></span> <span class='ocrx_word' id='word_1_85' title='bbox 1223 1303 1297 1359; x_wconf 84' lang='lat' dir='ltr'><strong>ab</strong></span> <span class='ocrx_word' id='word_1_86' title='bbox 1335 1303 1641 1361; x_wconf 87' lang='lat' dir='ltr'><strong>hominum</strong></span> <span class='ocrx_word' id='word_1_87' title='bbox 1672 1301 2009 1378; x_wconf 89' lang='lat' dir='ltr'><strong>cupiditate,</strong></span> <span class='ocrx_word' id='word_1_88' title='bbox 2038 1320 2173 1378; x_wconf 78' lang='lat' dir='ltr'><strong>quae</strong></span> <span class='ocrx_word' id='word_1_89' title='bbox 2202 1303 2301 1359; x_wconf 82' lang='lat' dir='ltr'><strong>iu-</strong></span> 
     </span>
     <span class='ocr_line' id='line_1_14' title="bbox 624 1381 2299 1462; baseline 0.002 -25"><span class='ocrx_word' id='word_1_90' title='bbox 624 1383 906 1439; x_wconf 64' lang='lat' dir='ltr'><strong>satiabilis</strong></span> <span class='ocrx_word' id='word_1_91' title='bbox 931 1392 1036 1441; x_wconf 77' lang='lat' dir='ltr'><strong>est.</strong></span> <span class='ocrx_word' id='word_1_92' title='bbox 1076 1381 1279 1462; x_wconf 67' lang='grc' dir='ltr'><strong><em>Ωσπις</em></strong></span> <span class='ocrx_word' id='word_1_93' title='bbox 1304 1386 1337 1443; x_wconf 71' lang='grc' dir='ltr'><strong><em>ἣ</em></strong></span> <span class='ocrx_word' id='word_1_94' title='bbox 1379 1405 1579 1461; x_wconf 59' lang='lat' dir='ltr'><strong>sargan</strong></span> <span class='ocrx_word' id='word_1_95' title='bbox 1605 1405 1673 1440; x_wconf 72' lang='grc' dir='ltr'><strong>τε</strong></span> <span class='ocrx_word' id='word_1_96' title='bbox 1719 1406 1950 1453; x_wconf 71' lang='grc' dir='ltr'><strong>υγιαιιιυ</strong></span> <span class='ocrx_word' id='word_1_97' title='bbox 1990 1406 2056 1447; x_wconf 73' lang='grc' dir='ltr'><strong>εις</strong></span> <span class='ocrx_word' id='word_1_98' title='bbox 2094 1406 2299 1461; x_wconf 62' lang='lat' dir='ltr'><strong>mango·</strong></span> 
     </span>
    </p>
   </div>
   <div class='ocr_carea' id='block_1_8' title="bbox 622 1462 2328 1617">
    <p class='ocr_par' dir='ltr' id='par_1_8' title="bbox 622 1462 2328 1617">
     <span class='ocr_line' id='line_1_15' title="bbox 630 1462 2317 1539; baseline 0.001 -22"><span class='ocrx_word' id='word_1_99' title='bbox 630 1486 858 1530; x_wconf 51' lang='lat' dir='ltr'><strong>trinam</strong></span> <span class='ocrx_word' id='word_1_100' title='bbox 883 1468 1043 1527; x_wconf 64' lang='lat' dir='ltr'><strong>inam</strong></span> <span class='ocrx_word' id='word_1_101' title='bbox 1071 1487 1178 1521; x_wconf 69' lang='grc' dir='ltr'><strong>των·</strong></span> <span class='ocrx_word' id='word_1_102' title='bbox 1186 1486 1371 1539; x_wconf 61' lang='grc' dir='ltr'><strong>τεχνην</strong></span> <span class='ocrx_word' id='word_1_103' title='bbox 1396 1486 1463 1520; x_wconf 76' lang='grc' dir='ltr'><strong>τε</strong></span> <span class='ocrx_word' id='word_1_104' title='bbox 1486 1477 1628 1526; x_wconf 73' lang='grc' dir='ltr'><strong>τιλος</strong></span> <span class='ocrx_word' id='word_1_105' title='bbox 1648 1486 1711 1527; x_wconf 67' lang='grc' dir='ltr'><strong>τις</strong></span> <span class='ocrx_word' id='word_1_106' title='bbox 1732 1479 1953 1539; x_wconf 65' lang='lat' dir='ltr'><strong>arrigat·</strong></span> <span class='ocrx_word' id='word_1_107' title='bbox 1996 1462 2073 1519; x_wconf 73' lang='grc' dir='ltr'><strong>ὅτι</strong></span> <span class='ocrx_word' id='word_1_108' title='bbox 2090 1474 2317 1535; x_wconf 58' lang='lat' dir='ltr'><strong>panfa-</strong></span> 
     </span>
     <span class='ocr_line' id='line_1_16' title="bbox 622 1537 2328 1617; baseline 0.002 -21"><span class='ocrx_word' id='word_1_109' title='bbox 622 1564 729 1617; x_wconf 68' lang='grc' dir='ltr'><strong>γας</strong></span> <span class='ocrx_word' id='word_1_110' title='bbox 759 1568 902 1600; x_wconf 65' lang='lat' dir='ltr'><strong>antino</strong></span> <span class='ocrx_word' id='word_1_111' title='bbox 929 1544 1176 1609; x_wconf 69' lang='grc' dir='ltr'><strong>βυλόνται</strong></span> <span class='ocrx_word' id='word_1_112' title='bbox 1203 1561 1389 1599; x_wconf 66' lang='grc' dir='ltr'><strong>ποκα·</strong></span> <span class='ocrx_word' id='word_1_113' title='bbox 1434 1552 1501 1598; x_wconf 86' lang='lat' dir='ltr'><strong>ut</strong></span> <span class='ocrx_word' id='word_1_114' title='bbox 1538 1560 1629 1598; x_wconf 76' lang='lat' dir='ltr'><strong>ars</strong></span> <span class='ocrx_word' id='word_1_115' title='bbox 1662 1540 1937 1599; x_wconf 78' lang='lat' dir='ltr'><strong>medendi</strong></span> <span class='ocrx_word' id='word_1_116' title='bbox 1978 1537 2055 1597; x_wconf 73' lang='lat' dir='ltr'><strong>ad</strong></span> <span class='ocrx_word' id='word_1_117' title='bbox 2082 1558 2297 1599; x_wconf 71' lang='lat' dir='ltr'><strong>sanan·</strong></span> <span class='ocrx_word' id='word_1_118' title='bbox 2322 1573 2328 1579; x_wconf 95' lang='lat'>·</span> 
     </span>
    </p>
   </div>
   <div class='ocr_carea' id='block_1_9' title="bbox 617 1616 2297 2586">
    <p class='ocr_par' dir='ltr' id='par_1_9' title="bbox 621 1616 2297 2002">
     <span class='ocr_line' id='line_1_17' title="bbox 623 1616 2295 1696; baseline 0.005 -23"><span class='ocrx_word' id='word_1_119' title='bbox 623 1616 768 1677; x_wconf 88' lang='lat' dir='ltr'><strong>dum</strong></span> <span class='ocrx_word' id='word_1_120' title='bbox 789 1621 1012 1678; x_wconf 81' lang='lat' dir='ltr'><strong>infinite</strong></span> <span class='ocrx_word' id='word_1_121' title='bbox 1037 1621 1239 1685; x_wconf 81' lang='lat' dir='ltr'><strong>fertur,</strong></span> <span class='ocrx_word' id='word_1_122' title='bbox 1262 1631 1322 1677; x_wconf 89' lang='lat' dir='ltr'><strong>et</strong></span> <span class='ocrx_word' id='word_1_123' title='bbox 1346 1638 1437 1679; x_wconf 85' lang='lat' dir='ltr'><strong>ars</strong></span> <span class='ocrx_word' id='word_1_124' title='bbox 1455 1634 1705 1696; x_wconf 72' lang='lat' dir='ltr'><strong>qumque</strong></span> <span class='ocrx_word' id='word_1_125' title='bbox 1728 1621 1801 1679; x_wconf 85' lang='lat' dir='ltr'><strong>ad</strong></span> <span class='ocrx_word' id='word_1_126' title='bbox 1828 1623 2009 1680; x_wconf 81' lang='lat' dir='ltr'><strong>finem</strong></span> <span class='ocrx_word' id='word_1_127' title='bbox 2034 1620 2295 1681; x_wconf 66' lang='lat' dir='ltr'><strong>infinite:</strong></span> 
     </span>
     <span class='ocr_line' id='line_1_18' title="bbox 623 1698 2297 1782; baseline 0.002 -27"><span class='ocrx_word' id='word_1_128' title='bbox 623 1698 791 1756; x_wconf 87' lang='lat' dir='ltr'><strong>hunc</strong></span> <span class='ocrx_word' id='word_1_129' title='bbox 827 1702 986 1759; x_wconf 86' lang='lat' dir='ltr'><strong>enim</strong></span> <span class='ocrx_word' id='word_1_130' title='bbox 1030 1719 1207 1776; x_wconf 87' lang='lat' dir='ltr'><strong>quam</strong></span> <span class='ocrx_word' id='word_1_131' title='bbox 1252 1702 1501 1759; x_wconf 75' lang='lat' dir='ltr'><strong>maxime</strong></span> <span class='ocrx_word' id='word_1_132' title='bbox 1542 1705 1771 1761; x_wconf 86' lang='lat' dir='ltr'><strong>efficere</strong></span> <span class='ocrx_word' id='word_1_133' title='bbox 1799 1704 2015 1782; x_wconf 82' lang='lat' dir='ltr'><strong>volunt.</strong></span> <span class='ocrx_word' id='word_1_134' title='bbox 2099 1704 2193 1761; x_wconf 87' lang='lat' dir='ltr'><strong>Ac</strong></span> <span class='ocrx_word' id='word_1_135' title='bbox 2221 1701 2297 1760; x_wconf 89' lang='lat' dir='ltr'><strong>de</strong></span> 
     </span>
     <span class='ocr_line' id='line_1_19' title="bbox 623 1770 2294 1859; baseline 0.004 -24"><span class='ocrx_word' id='word_1_136' title='bbox 623 1796 694 1835; x_wconf 88' lang='lat' dir='ltr'><strong>ea</strong></span> <span class='ocrx_word' id='word_1_137' title='bbox 725 1778 878 1840; x_wconf 68' lang='lat' dir='ltr'><strong>recte</strong></span> <span class='ocrx_word' id='word_1_138' title='bbox 905 1782 1136 1837; x_wconf 88' lang='lat' dir='ltr'><strong>Solonis</strong></span> <span class='ocrx_word' id='word_1_139' title='bbox 1163 1782 1405 1849; x_wconf 82' lang='lat' dir='ltr'><strong>dictum,</strong></span> <span class='ocrx_word' id='word_1_140' title='bbox 1449 1784 1612 1855; x_wconf 89' lang='lat' dir='ltr'><strong>cujus</strong></span> <span class='ocrx_word' id='word_1_141' title='bbox 1660 1803 1833 1859; x_wconf 68' lang='lat' dir='ltr'><strong>supra</strong></span> <span class='ocrx_word' id='word_1_142' title='bbox 1882 1770 2101 1843; x_wconf 79' lang='lat' dir='ltr'><strong>mentio</strong></span> <span class='ocrx_word' id='word_1_143' title='bbox 2138 1782 2294 1842; x_wconf 78' lang='lat' dir='ltr'><strong>facta</strong></span> 
     </span>
     <span class='ocr_line' id='line_1_20' title="bbox 621 1861 1287 1937; baseline 0.006 -21"><span class='ocrx_word' id='word_1_144' title='bbox 621 1868 729 1930; x_wconf 83' lang='lat' dir='ltr'><strong>est,</strong></span> <span class='ocrx_word' id='word_1_145' title='bbox 755 1861 1164 1937; x_wconf 85' lang='lat' dir='ltr'><strong>accipiendum</strong></span> <span class='ocrx_word' id='word_1_146' title='bbox 1181 1872 1287 1921; x_wconf 88' lang='lat' dir='ltr'><strong>est.</strong></span> 
     </span>
     <span class='ocr_line' id='line_1_21' title="bbox 1023 1942 1903 2002; baseline 0.001 -3"><span class='ocrx_word' id='word_1_147' title='bbox 1023 1942 1186 2001; x_wconf 65' lang='lat' dir='ltr'><strong>Quod</strong></span> <span class='ocrx_word' id='word_1_148' title='bbox 1211 1956 1291 2000; x_wconf 80' lang='lat' dir='ltr'><strong>est</strong></span> <span class='ocrx_word' id='word_1_149' title='bbox 1316 1947 1535 2001; x_wconf 78' lang='lat' dir='ltr'><strong>tertium</strong></span> <span class='ocrx_word' id='word_1_150' title='bbox 1562 1945 1855 2002; x_wconf 70' lang='lat' dir='ltr'><strong><em>discrimen</em></strong></span> <span class='ocrx_word' id='word_1_151' title='bbox 1872 1948 1903 2000; x_wconf 70' lang='lat' dir='ltr'><em>t</em></span> 
     </span>
    </p>

    <p class='ocr_par' dir='ltr' id='par_1_10' title="bbox 617 2020 2297 2580">
     <span class='ocr_line' id='line_1_22' title="bbox 709 2020 2297 2100; baseline 0.003 -20"><span class='ocrx_word' id='word_1_152' title='bbox 709 2020 897 2080; x_wconf 59' lang='lat' dir='ltr'><strong>Tertia</strong></span> <span class='ocrx_word' id='word_1_153' title='bbox 927 2021 1205 2083; x_wconf 79' lang='lat' dir='ltr'><strong>differunt</strong></span> <span class='ocrx_word' id='word_1_154' title='bbox 1231 2044 1405 2084; x_wconf 85' lang='lat' dir='ltr'><strong>causa</strong></span> <span class='ocrx_word' id='word_1_155' title='bbox 1434 2026 1717 2084; x_wconf 86' lang='lat' dir='ltr'><strong>materiali</strong></span> <span class='ocrx_word' id='word_1_156' title='bbox 1754 2035 1815 2084; x_wconf 89' lang='lat' dir='ltr'><strong>et</strong></span> <span class='ocrx_word' id='word_1_157' title='bbox 1852 2025 2107 2100; x_wconf 86' lang='lat' dir='ltr'><strong>objectis,</strong></span> <span class='ocrx_word' id='word_1_158' title='bbox 2134 2024 2297 2084; x_wconf 74' lang='lat' dir='ltr'><strong>circa</strong></span> 
     </span>
     <span class='ocr_line' id='line_1_23' title="bbox 619 2107 2294 2182; baseline 0.004 -24"><span class='ocrx_word' id='word_1_159' title='bbox 619 2118 756 2177; x_wconf 78' lang='lat' dir='ltr'><strong>quoe</strong></span> <span class='ocrx_word' id='word_1_160' title='bbox 783 2112 1049 2180; x_wconf 87' lang='lat' dir='ltr'><strong>utraque</strong></span> <span class='ocrx_word' id='word_1_161' title='bbox 1046 2108 1194 2163; x_wconf 89' lang='lat' dir='ltr'><strong>ratio</strong></span> <span class='ocrx_word' id='word_1_162' title='bbox 1222 2107 1563 2182; x_wconf 82' lang='lat' dir='ltr'>acquirendi</span> <span class='ocrx_word' id='word_1_163' title='bbox 1592 2117 1865 2166; x_wconf 84' lang='lat' dir='ltr'><strong>versatur.</strong></span> <span class='ocrx_word' id='word_1_164' title='bbox 1952 2109 2107 2166; x_wconf 83' lang='lat' dir='ltr'><strong>Nam</strong></span> <span class='ocrx_word' id='word_1_165' title='bbox 2130 2107 2294 2181; x_wconf 88' lang='lat' dir='ltr'><strong>prior</strong></span> 
     </span>
     <span class='ocr_line' id='line_1_24' title="bbox 619 2180 2292 2262; baseline 0.004 -24"><span class='ocrx_word' id='word_1_166' title='bbox 619 2180 806 2238; x_wconf 74' lang='lat' dir='ltr'><strong>solum</strong></span> <span class='ocrx_word' id='word_1_167' title='bbox 851 2196 1104 2259; x_wconf 79' lang='lat' dir='ltr'><strong>versatur</strong></span> <span class='ocrx_word' id='word_1_168' title='bbox 1141 2187 1297 2242; x_wconf 85' lang='lat' dir='ltr'><strong>circa</strong></span> <span class='ocrx_word' id='word_1_169' title='bbox 1348 2190 1559 2244; x_wconf 88' lang='lat' dir='ltr'><strong>victum</strong></span> <span class='ocrx_word' id='word_1_170' title='bbox 1609 2196 1667 2243; x_wconf 86' lang='lat' dir='ltr'><strong>et</strong></span> <span class='ocrx_word' id='word_1_171' title='bbox 1713 2187 2003 2255; x_wconf 85' lang='lat' dir='ltr'><strong>alimenta,</strong></span> <span class='ocrx_word' id='word_1_172' title='bbox 2032 2205 2168 2262; x_wconf 79' lang='lat' dir='ltr'><strong>quae</strong></span> <span class='ocrx_word' id='word_1_173' title='bbox 2212 2185 2292 2244; x_wconf 83' lang='lat' dir='ltr'><strong>ad</strong></span> 
     </span>
     <span class='ocr_line' id='line_1_25' title="bbox 617 2250 2291 2326; baseline 0.004 -6"><span class='ocrx_word' id='word_1_174' title='bbox 617 2262 796 2320; x_wconf 77' lang='lat' dir='ltr'><strong>vitam</strong></span> <span class='ocrx_word' id='word_1_175' title='bbox 813 2250 1244 2322; x_wconf 82' lang='lat' dir='ltr'><strong>sustentandam</strong></span> <span class='ocrx_word' id='word_1_176' title='bbox 1260 2268 1592 2325; x_wconf 73' lang='lat' dir='ltr'><strong>hominibus</strong></span> <span class='ocrx_word' id='word_1_177' title='bbox 1610 2278 1742 2324; x_wconf 86' lang='lat' dir='ltr'><strong>sunt</strong></span> <span class='ocrx_word' id='word_1_178' title='bbox 1761 2269 2095 2324; x_wconf 78' lang='lat' dir='ltr'><strong>necessaria.</strong></span> <span class='ocrx_word' id='word_1_179' title='bbox 2140 2267 2291 2326; x_wconf 83' lang='lat' dir='ltr'><strong>Haec</strong></span> 
     </span>
     <span class='ocr_line' id='line_1_26' title="bbox 619 2345 2291 2415; baseline 0.004 -17"><span class='ocrx_word' id='word_1_180' title='bbox 619 2350 818 2399; x_wconf 89' lang='lat' dir='ltr'><strong>autem</strong></span> <span class='ocrx_word' id='word_1_181' title='bbox 867 2362 979 2401; x_wconf 89' lang='lat' dir='ltr'><strong>non</strong></span> <span class='ocrx_word' id='word_1_182' title='bbox 1032 2345 1216 2403; x_wconf 74' lang='lat' dir='ltr'><strong>solum</strong></span> <span class='ocrx_word' id='word_1_183' title='bbox 1269 2350 1424 2405; x_wconf 90' lang='lat' dir='ltr'><strong>circa</strong></span> <span class='ocrx_word' id='word_1_184' title='bbox 1469 2352 1683 2406; x_wconf 86' lang='lat' dir='ltr'><strong>victum</strong></span> <span class='ocrx_word' id='word_1_185' title='bbox 1728 2357 1786 2404; x_wconf 90' lang='lat' dir='ltr'><strong>et</strong></span> <span class='ocrx_word' id='word_1_186' title='bbox 1812 2350 2135 2415; x_wconf 85' lang='lat' dir='ltr'><strong>alimenta,</strong></span> <span class='ocrx_word' id='word_1_187' title='bbox 2184 2347 2291 2404; x_wconf 87' lang='lat' dir='ltr'><strong>sed</strong></span> 
     </span>
     <span class='ocr_line' id='line_1_27' title="bbox 617 2423 2286 2505; baseline 0.004 -27"><span class='ocrx_word' id='word_1_188' title='bbox 617 2423 796 2478; x_wconf 88' lang='lat' dir='ltr'><strong>etiam</strong></span> <span class='ocrx_word' id='word_1_189' title='bbox 846 2426 1000 2481; x_wconf 77' lang='lat' dir='ltr'><strong>circ-a</strong></span> <span class='ocrx_word' id='word_1_190' title='bbox 1051 2427 1192 2484; x_wconf 86' lang='lat' dir='ltr'><strong>alias</strong></span> <span class='ocrx_word' id='word_1_191' title='bbox 1242 2446 1617 2505; x_wconf 86' lang='lat' dir='ltr'><strong>quascunque</strong></span> <span class='ocrx_word' id='word_1_192' title='bbox 1672 2446 1761 2486; x_wconf 87' lang='lat' dir='ltr'><strong>res</strong></span> <span class='ocrx_word' id='word_1_193' title='bbox 1813 2441 1901 2486; x_wconf 88' lang='lat' dir='ltr'><strong>est</strong></span> <span class='ocrx_word' id='word_1_194' title='bbox 1955 2437 2286 2504; x_wconf 89' lang='lat' dir='ltr'><strong>occupata.</strong></span> 
     </span>
     <span class='ocr_line' id='line_1_28' title="bbox 617 2507 2289 2586; baseline 0.005 -28"><span class='ocrx_word' id='word_1_195' title='bbox 617 2520 864 2577; x_wconf 87' lang='lat' dir='ltr'><strong>quarum</strong></span> <span class='ocrx_word' id='word_1_196' title='bbox 885 2509 1188 2580; x_wconf 76' lang='lat' dir='ltr'><strong>acquisitio</strong></span> <span class='ocrx_word' id='word_1_197' title='bbox 1215 2509 1292 2566; x_wconf 92' lang='lat' dir='ltr'><strong>ad</strong></span> <span class='ocrx_word' id='word_1_198' title='bbox 1317 2512 1495 2566; x_wconf 86' lang='lat' dir='ltr'><strong>vitam</strong></span> <span class='ocrx_word' id='word_1_199' title='bbox 1522 2511 1678 2566; x_wconf 86' lang='lat' dir='ltr'><strong>hanc</strong></span> <span class='ocrx_word' id='word_1_200' title='bbox 1705 2507 2067 2568; x_wconf 86' lang='lat' dir='ltr'><strong>commodius</strong></span> <span class='ocrx_word' id='word_1_201' title='bbox 2094 2518 2289 2586; x_wconf 78' lang='lat' dir='ltr'><strong>trans·</strong></span> 
     </span>
    </p>
   </div>
   <div class='ocr_carea' id='block_1_10' title="bbox 535 2582 1773 2658">
    <p class='ocr_par' dir='ltr' id='par_1_11' title="bbox 535 2582 1773 2658">
     <span class='ocr_line' id='line_1_29' title="bbox 535 2582 1773 2658; baseline 0.005 -18"><span class='ocrx_word' id='word_1_202' title='bbox 535 2593 544 2617; x_wconf 78' lang='lat'>²</span> <span class='ocrx_word' id='word_1_203' title='bbox 614 2582 890 2658; x_wconf 74' lang='lat' dir='ltr'><strong>igeudam</strong></span> <span class='ocrx_word' id='word_1_204' title='bbox 917 2587 1144 2644; x_wconf 76' lang='lat' dir='ltr'><strong>videtur</strong></span> <span class='ocrx_word' id='word_1_205' title='bbox 1171 2606 1293 2646; x_wconf 87' lang='lat' dir='ltr'><strong>esse</strong></span> <span class='ocrx_word' id='word_1_206' title='bbox 1314 2588 1773 2648; x_wconf 82' lang='lat' dir='ltr'><strong>accommodata.</strong></span> 
     </span>
    </p>
   </div>
   <div class='ocr_carea' id='block_1_11' title="bbox 315 3152 560 3374">
    <p class='ocr_par' dir='ltr' id='par_1_12' title="bbox 315 3152 560 3374">
     <span class='ocr_line' id='line_1_30' title="bbox 320 3152 560 3222; baseline -0.008 -15"><span class='ocrx_word' id='word_1_207' title='bbox 320 3152 560 3222; x_wconf 64' lang='grc' dir='ltr'><strong>Δαβομυ</strong></span> 
     </span>
     <span class='ocr_line' id='line_1_31' title="bbox 317 3231 539 3313; baseline -0.029 -25"><span class='ocrx_word' id='word_1_208' title='bbox 317 3231 372 3288; x_wconf 77' lang='grc' dir='ltr'><strong>δε</strong></span> <span class='ocrx_word' id='word_1_209' title='bbox 403 3247 539 3313; x_wconf 65' lang='lat' dir='ltr'><strong>wago</strong></span> 
     </span>
     <span class='ocr_line' id='line_1_32' title="bbox 315 3333 492 3374; baseline -0.006 -6"><span class='ocrx_word' id='word_1_210' title='bbox 315 3333 492 3374; x_wconf 58' lang='lat' dir='ltr'><strong>flmsst</strong></span> 
     </span>
    </p>
   </div>
   <div class='ocr_carea' id='block_1_12' title="bbox 607 2668 2291 3557">
    <p class='ocr_par' dir='ltr' id='par_1_13' title="bbox 989 2668 1894 2745">
     <span class='ocr_line' id='line_1_33' title="bbox 989 2668 1894 2745; baseline 0.003 -23"><span class='ocrx_word' id='word_1_211' title='bbox 989 2668 1150 2724; x_wconf 67' lang='lat' dir='ltr'><strong>Quod</strong></span> <span class='ocrx_word' id='word_1_212' title='bbox 1175 2683 1252 2726; x_wconf 75' lang='lat' dir='ltr'><strong>est</strong></span> <span class='ocrx_word' id='word_1_213' title='bbox 1281 2685 1533 2745; x_wconf 78' lang='lat' dir='ltr'><strong>quartum</strong></span> <span class='ocrx_word' id='word_1_214' title='bbox 1552 2671 1845 2728; x_wconf 73' lang='lat' dir='ltr'><strong>discrimen</strong></span> <span class='ocrx_word' id='word_1_215' title='bbox 1863 2673 1894 2725; x_wconf 69' lang='lat' dir='ltr'><em>t</em></span> 
     </span>
    </p>

    <p class='ocr_par' dir='ltr' id='par_1_14' title="bbox 612 2747 2289 3068">
     <span class='ocr_line' id='line_1_34' title="bbox 701 2747 2289 2825; baseline 0.003 -19"><span class='ocrx_word' id='word_1_216' title='bbox 701 2747 915 2806; x_wconf 62' lang='lat' dir='ltr'><strong>Quart&amp;</strong></span> <span class='ocrx_word' id='word_1_217' title='bbox 943 2747 1218 2808; x_wconf 83' lang='lat' dir='ltr'><strong>differunt</strong></span> <span class='ocrx_word' id='word_1_218' title='bbox 1244 2769 1419 2808; x_wconf 78' lang='lat' dir='ltr'><strong>causa</strong></span> <span class='ocrx_word' id='word_1_219' title='bbox 1444 2752 1623 2810; x_wconf 85' lang='lat' dir='ltr'><strong>finali.</strong></span> <span class='ocrx_word' id='word_1_220' title='bbox 1710 2753 1870 2810; x_wconf 83' lang='lat' dir='ltr'><strong>Prior</strong></span> <span class='ocrx_word' id='word_1_221' title='bbox 1892 2750 2053 2806; x_wconf 82' lang='lat' dir='ltr'><strong>enim</strong></span> <span class='ocrx_word' id='word_1_222' title='bbox 2080 2750 2289 2825; x_wconf 74' lang='lat' dir='ltr'><strong>acqui-</strong></span> 
     </span>
     <span class='ocr_line' id='line_1_35' title="bbox 614 2827 2289 2924; baseline 0.005 -42"><span class='ocrx_word' id='word_1_223' title='bbox 614 2827 748 2884; x_wconf 79' lang='lat' dir='ltr'><strong>sitio</strong></span> <span class='ocrx_word' id='word_1_224' title='bbox 775 2829 850 2886; x_wconf 90' lang='lat' dir='ltr'><strong>ad</strong></span> <span class='ocrx_word' id='word_1_225' title='bbox 868 2828 1248 2905; x_wconf 77' lang='lat' dir='ltr'><strong>supplendam</strong></span> <span class='ocrx_word' id='word_1_226' title='bbox 1274 2841 1496 2888; x_wconf 79' lang='lat' dir='ltr'><strong>naturae</strong></span> <span class='ocrx_word' id='word_1_227' title='bbox 1518 2829 1901 2924; x_wconf 84' lang='lat' dir='ltr'><strong>indigentiam</strong></span> <span class='ocrx_word' id='word_1_228' title='bbox 1936 2841 1999 2888; x_wconf 88' lang='lat' dir='ltr'><strong>et</strong></span> <span class='ocrx_word' id='word_1_229' title='bbox 2032 2833 2289 2890; x_wconf 84' lang='lat' dir='ltr'><strong>necessi·</strong></span> 
     </span>
     <span class='ocr_line' id='line_1_36' title="bbox 615 2910 2289 2987; baseline 0.004 -24"><span class='ocrx_word' id='word_1_230' title='bbox 615 2917 797 2966; x_wconf 81' lang='lat' dir='ltr'><strong>tatem</strong></span> <span class='ocrx_word' id='word_1_231' title='bbox 821 2910 1084 2970; x_wconf 83' lang='lat' dir='ltr'><strong>refertur.</strong></span> <span class='ocrx_word' id='word_1_232' title='bbox 1170 2913 1315 2970; x_wconf 83' lang='lat' dir='ltr'><strong>Haec</strong></span> <span class='ocrx_word' id='word_1_233' title='bbox 1338 2924 1531 2970; x_wconf 89' lang='lat' dir='ltr'><strong>autem</strong></span> <span class='ocrx_word' id='word_1_234' title='bbox 1556 2914 1832 2987; x_wconf 79' lang='lat' dir='ltr'><strong>posterior</strong></span> <span class='ocrx_word' id='word_1_235' title='bbox 1852 2911 1925 2970; x_wconf 85' lang='lat' dir='ltr'><strong>ab</strong></span> <span class='ocrx_word' id='word_1_236' title='bbox 1948 2912 2289 2970; x_wconf 80' lang='lat' dir='ltr'><strong>hominibus</strong></span> 
     </span>
     <span class='ocr_line' id='line_1_37' title="bbox 612 2989 2289 3096; baseline 0.005 -54"><span class='ocrx_word' id='word_1_237' title='bbox 612 3001 938 3073; x_wconf 73' lang='lat' dir='ltr'><strong>excogitata</strong></span> <span class='ocrx_word' id='word_1_238' title='bbox 958 3001 1043 3047; x_wconf 85' lang='lat' dir='ltr'><strong>est</strong></span> <span class='ocrx_word' id='word_1_239' title='bbox 1071 2989 1146 3048; x_wconf 82' lang='lat' dir='ltr'><strong>ad</strong></span> <span class='ocrx_word' id='word_1_240' title='bbox 1173 2993 1567 3066; x_wconf 82' lang='lat' dir='ltr'><strong>splendorem,</strong></span> <span class='ocrx_word' id='word_1_241' title='bbox 1595 2994 1943 3068; x_wconf 84' lang='lat' dir='ltr'><strong>voluptatem</strong></span> <span class='ocrx_word' id='word_1_242' title='bbox 1972 3004 2032 3050; x_wconf 92' lang='lat' dir='ltr'><strong>et</strong></span> <span class='ocrx_word' id='word_1_243' title='bbox 2059 2993 2289 3096; x_wconf 82' lang='lat' dir='ltr'><strong>luxum.</strong></span> 
     </span>
    </p>

    <p class='ocr_par' dir='ltr' id='par_1_15' title="bbox 913 3071 1952 3148">
     <span class='ocr_line' id='line_1_38' title="bbox 913 3071 1952 3148; baseline 0.005 -24.039"><span class='ocrx_word' id='word_1_244' title='bbox 913 3071 1066 3128; x_wconf 68' lang='lat' dir='ltr'><strong>Quot</strong></span> <span class='ocrx_word' id='word_1_245' title='bbox 1089 3073 1344 3144; x_wconf 73' lang='lat' dir='ltr'><strong>modis-fit</strong></span> <span class='ocrx_word' id='word_1_246' title='bbox 1364 3093 1547 3132; x_wconf 76' lang='lat' dir='ltr'><strong>rerum</strong></span> <span class='ocrx_word' id='word_1_247' title='bbox 1566 3078 1952 3148; x_wconf 79' lang='lat' dir='ltr'><strong>permutatio?</strong></span> 
     </span>
    </p>

    <p class='ocr_par' dir='ltr' id='par_1_16' title="bbox 607 3147 2291 3557">
     <span class='ocr_line' id='line_1_39' title="bbox 695 3147 2291 3230; baseline 0.006 -24"><span class='ocrx_word' id='word_1_248' title='bbox 695 3147 956 3206; x_wconf 88' lang='lat' dir='ltr'><strong>Duobus.</strong></span> <span class='ocrx_word' id='word_1_249' title='bbox 1037 3151 1148 3208; x_wconf 88' lang='lat' dir='ltr'><strong>Vel</strong></span> <span class='ocrx_word' id='word_1_250' title='bbox 1201 3156 1363 3212; x_wconf 86' lang='lat' dir='ltr'><strong>enim</strong></span> <span class='ocrx_word' id='word_1_251' title='bbox 1423 3157 1774 3230; x_wconf 81' lang='lat' dir='ltr'><strong>permutatio</strong></span> <span class='ocrx_word' id='word_1_252' title='bbox 1820 3156 1887 3212; x_wconf 83' lang='lat' dir='ltr'><strong>fit</strong></span> <span class='ocrx_word' id='word_1_253' title='bbox 1938 3154 2291 3230; x_wconf 83' lang='lat' dir='ltr'><strong>simpliciter</strong></span> 
     </span>
     <span class='ocr_line' id='line_1_40' title="bbox 615 3229 2286 3311; baseline 0.006 -27"><span class='ocrx_word' id='word_1_254' title='bbox 615 3229 742 3284; x_wconf 88' lang='lat' dir='ltr'><strong>sine</strong></span> <span class='ocrx_word' id='word_1_255' title='bbox 769 3229 965 3306; x_wconf 87' lang='lat' dir='ltr'><strong>aliquo</strong></span> <span class='ocrx_word' id='word_1_256' title='bbox 1011 3229 1248 3290; x_wconf 77' lang='lat' dir='ltr'><strong>medio.</strong></span> <span class='ocrx_word' id='word_1_257' title='bbox 1295 3245 1359 3290; x_wconf 90' lang='lat' dir='ltr'><strong>ut</strong></span> <span class='ocrx_word' id='word_1_258' title='bbox 1400 3254 1535 3292; x_wconf 90' lang='lat' dir='ltr'><strong>cum</strong></span> <span class='ocrx_word' id='word_1_259' title='bbox 1579 3251 1672 3292; x_wconf 81' lang='lat' dir='ltr'><strong>res.</strong></span> <span class='ocrx_word' id='word_1_260' title='bbox 1721 3244 2125 3311; x_wconf 77' lang='lat' dir='ltr'><strong>permutantur</strong></span> <span class='ocrx_word' id='word_1_261' title='bbox 2173 3255 2286 3309; x_wconf 90' lang='lat' dir='ltr'><strong>pro</strong></span> 
     </span>
     <span class='ocr_line' id='line_1_41' title="bbox 615 3308 2283 3391; baseline 0.006 -27"><span class='ocrx_word' id='word_1_262' title='bbox 615 3308 826 3367; x_wconf 89' lang='lat' dir='ltr'><strong>rebus:</strong></span> <span class='ocrx_word' id='word_1_263' title='bbox 873 3329 1092 3370; x_wconf 85' lang='lat' dir='ltr'><strong>merces</strong></span> <span class='ocrx_word' id='word_1_264' title='bbox 1111 3332 1218 3388; x_wconf 86' lang='lat' dir='ltr'><strong>pro</strong></span> <span class='ocrx_word' id='word_1_265' title='bbox 1236 3317 1561 3374; x_wconf 87' lang='lat' dir='ltr'><strong>mercibus.</strong></span> <span class='ocrx_word' id='word_1_266' title='bbox 1592 3315 1948 3374; x_wconf 81' lang='lat' dir='ltr'><strong>frumentum</strong></span> <span class='ocrx_word' id='word_1_267' title='bbox 1970 3335 2079 3391; x_wconf 89' lang='lat' dir='ltr'><strong>pro</strong></span> <span class='ocrx_word' id='word_1_268' title='bbox 2101 3317 2283 3376; x_wconf 67' lang='lat' dir='ltr'><strong>vinos</strong></span> 
     </span>
     <span class='ocr_line' id='line_1_42' title="bbox 613 3392 2287 3473; baseline 0.005 -28"><span class='ocrx_word' id='word_1_269' title='bbox 613 3392 812 3447; x_wconf 80' lang='lat' dir='ltr'><strong>vinum</strong></span> <span class='ocrx_word' id='word_1_270' title='bbox 835 3410 944 3466; x_wconf 90' lang='lat' dir='ltr'><strong>pro</strong></span> <span class='ocrx_word' id='word_1_271' title='bbox 981 3395 1150 3452; x_wconf 89' lang='lat' dir='ltr'><strong>oleo.</strong></span> <span class='ocrx_word' id='word_1_272' title='bbox 1197 3395 1463 3473; x_wconf 83' lang='lat' dir='ltr'><strong>zingiber</strong></span> <span class='ocrx_word' id='word_1_273' title='bbox 1498 3415 1607 3471; x_wconf 85' lang='lat' dir='ltr'><strong>pro</strong></span> <span class='ocrx_word' id='word_1_274' title='bbox 1633 3399 1879 3472; x_wconf 86' lang='lat' dir='ltr'><strong>pipere.</strong></span> <span class='ocrx_word' id='word_1_275' title='bbox 1927 3397 2145 3454; x_wconf 82' lang='lat' dir='ltr'><strong>ferrum</strong></span> <span class='ocrx_word' id='word_1_276' title='bbox 2170 3416 2287 3472; x_wconf 87' lang='lat' dir='ltr'><strong>pro</strong></span> 
     </span>
     <span class='ocr_line' id='line_1_43' title="bbox 607 3471 2283 3557; baseline 0.005 -27"><span class='ocrx_word' id='word_1_277' title='bbox 607 3471 769 3541; x_wconf 76' lang='lat' dir='ltr'><strong>lana,</strong></span> <span class='ocrx_word' id='word_1_278' title='bbox 791 3473 898 3532; x_wconf 86' lang='lat' dir='ltr'><strong>&amp;c.</strong></span> <span class='ocrx_word' id='word_1_279' title='bbox 970 3475 1080 3532; x_wconf 88' lang='lat' dir='ltr'><strong>Vel</strong></span> <span class='ocrx_word' id='word_1_280' title='bbox 1107 3479 1459 3554; x_wconf 77' lang='lat' dir='ltr'><strong>permutatio</strong></span> <span class='ocrx_word' id='word_1_281' title='bbox 1498 3477 1567 3538; x_wconf 84' lang='lat' dir='ltr'><strong>fit</strong></span> <span class='ocrx_word' id='word_1_282' title='bbox 1590 3495 1701 3557; x_wconf 87' lang='lat' dir='ltr'><strong>per</strong></span> <span class='ocrx_word' id='word_1_283' title='bbox 1726 3477 1969 3556; x_wconf 83' lang='lat' dir='ltr'><strong>aliquod</strong></span> <span class='ocrx_word' id='word_1_284' title='bbox 1996 3477 2283 3545; x_wconf 85' lang='lat' dir='ltr'><strong>medium,</strong></span> 
     </span>
    </p>
   </div>
   <div class='ocr_carea' id='block_1_13' title="bbox 2488 3421 2491 3544">
    <p class='ocr_par' dir='ltr' id='par_1_17' title="bbox 2488 3421 2491 3544">
     <span class='ocr_line' id='line_1_44' title="bbox 2488 3421 2491 3544; baseline 0 0"><span class='ocrx_word' id='word_1_285' title='bbox 2488 3421 2491 3544; x_wconf 61' lang='grc' dir='ltr'>ἱ</span> 
     </span>
    </p>
   </div>
  </div>
 </body>
</html>
