2517 4100
909 244 1152 306 LIBER
1191 245 1244 304 1.
1479 307 1491 312 ,
1830 253 1903 305 27

243 396 395 452 inter
422 412 524 454 eos
551 403 740 471 potest
770 403 1155 453 esse’mutuus
1181 411 1366 463 amor,
1394 401 1455 452 et
1482 411 1611 472 vera
1634 395 1915 454 amicitia.

245 476 356 535 Qui
383 487 578 534 autem
599 477 728 553 lege
749 486 884 534 sunt
905 477 1044 534 servi
1052 476 1155 547 „hi
1179 495 1297 533 non
1317 473 1443 532 vere
1472 485 1531 532 et
1551 476 1913 553 simpliciter,

243 575 428 632 neque
445 576 675 634 semper
696 567 756 614 et
774 557 988 633 ubique
1009 567 1142 614 sunt
1159 559 1303 614 servi
1324 577 1340 616 ς
1366 555 1467 614 sed
1486 557 1667 614 solum
1687 576 1829 613 κατα.
1840 579 1915 622 τι,

247 635 566 694 secundum
589 637 754 714 quid,
789 648 852 706 et
890 639 1086 714 aliquo
1122 646 1387 712 respectu
1426 636 1699 695 dicuntur
1727 637 1911 698 servi:

249 737 451 776 eorum
481 737 716 794 quoque
746 720 980 776 servitus
1005 728 1093 776 est
1115 719 1385 785 violenta,
1412 729 1471 775 et
1499 731 1717 786 coacta,
1748 717 1915 792 ipsis-

247 817 358 874 que
403 801 590 874 magis
618 801 792 858 noxia
815 809 874 858 et
899 799 1250 866 calamitosa,
1279 817 1458 874 quam
1487 800 1661 856 utilis·
1744 795 1917 879 Unde

248 881 428 936 etiam
453 881 604 936 inter
633 883 808 956 ipsos,
829 891 888 938 et
917 898 1113 938 eorum
1139 879 1403 938 dominos
1430 877 1555 938 non‘
1572 887 1657 935 est
1684 886 1918 936 mutuus

252 977 434 1026 amor,
463 969 584 1018 aut·
600 979 734 1019 vera
781 961 1218 1018 benevolentia:
1269 959 1371 1018 sed
1396 963 1589 1036 potius
1616 957 1815 1016 odium
1835 968 1841 974 ·’
1860 966 1922 1016 et

250 1049 440 1098 metus
465 1058 484 1098 z
513 1040 1010 1117 quemadmodum
1031 1044 1094 1100 in
1118 1041 1419 1116 proverbio
1438 1039 1650 1098 dicitur
1670 1039 1924 1098 z-—Quot

249 1123 412 1188 servi,
441 1135 522 1178 tot
551 1122 771 1180 hoste&-
830 1123 1019 1190 Idem,
1047 1122 1277 1180 oderunt
1306 1142 1456 1199 quem
1480 1133 1765 1186 metuunt„

509 1203 659 1260 Quid
683 1205 886 1279 exjctm
917 1203 1084 1260 dictis
1117 1204 1286 1272 insert
1314 1204 1635 1261 Aristoteles
1654 1205 1682 1257 ,θ

333 1281 678 1340 Aristoteles
705 1303 778 1342 ex
820 1285 888 1341 iis
914 1302 1048 1360 quae
1077 1281 1150 1340 de
1180 1281 1403 1342 duobus
1450 1283 1761 1360 generibus
1806 1300 1923 1342 ser·
1942 1277 2147 1346 0⁶⁰⁸&
2172 1267 2223 1328 θ·

255 1379 462 1421 vorum
490 1360 653 1433 dixit,
680 1365 854 1422 infert
871 1361 1246 1420 manifestum
1259 1381 1407 1434 esse,
1435 1363 1594 1440 quod
1615 1365 1928 1440 imperium
1942 1372 2032 1405 κα*
2052 1373 2109 1406 ¹⁸

254 1443 439 1500 herile
479 1461 580 1501 seu
623 1443 1004 1504 domesticum
1045 1463 1164 1500 non
1203 1445 1278 1500 sit
1320 1443 1475 1502 idern
1506 1461 1643 1502 eum
1686 1445 1930 1522 imperio
1944 1450 2151 1486 '‘⁶02⁸'’-

253 1523 422 1592 ,civili
457 1543 558 1582 seu
601 1527 858 1602 politico.
946 1523 1172 1584 Quibus
1199 1523 1382 1582 verbis
1409 1519 1637 1583 videtur
1655 1525 1798 1584 velle
1839 1544 1929 1584 re·-

257 1605 445 1662 futare
477 1604 728 1664 Platonis
753 1607 1113 1682 opinionem,
1143 1607 1244 1681 qui
1276 1607 1335 1664 in
1372 1605 1606 1684 dialogo
1640 1624 1743 1664 suo
1778 1606 1931 1684 poli-

257 1689 377 1743 tico
405 1687 654 1762 scripsit,
693 1689 1002 1763 imperium
1029 1684 1208 1742 herile
1245 1696 1305 1745 et
1356 1687 1523 1746 civile
1552 1706 1671 1746 non
1698 1687 1934 1746 differre

259 1769 410 1824 inter
435 1785 496 1822 se
523 1770 738 1842 specie,
773 1767 873 1826 sed
915 1775 1144 1826 tantum
1172 1791 1240 1844 τῳ
1268 1765 1483 1839 πλῆθει,
1505 1768 1611 1826 hoc
1642 1778 1747 1838 est,
1777 1768 1936 1828 mul-

260 1845 516 1904 titudine
563 1848 677 1905 sive
726 1865 974 1910 numero
1026 1866 1228 1906 eorum
1285 1849 1347 1906 in
1401 1866 1547 1923 quos
1588 1859 1931 1915 exercetur}

259 1924 535 2002 Exempli
559 1932 764 2002 gratia,
793 1931 840 1986 si
871 1925 1180 2003 imperium
1207 1937 1296 1985 est
1337 1928 1527 1986 solum
1562 1946 1703 2004 erga
1744 1945 1934 1988 unum

266 2015 370 2065 aut
395 2025 614 2083 paucos
643 2011 744 2087 qui
771 2009 1042 2069 dicuntur
1079 2010 1242 2077 servi,
1268 2017 1409 2067 tunc
1436 2007 1586 2083 illud
1626 2010 1940 2087 imperium

264 2086 560 2146 nominari
582 2088 1132 2167 &novorumqherilez
1179 2091 1226 2147 si
1253 2085 1387 2147 vero
1406 2090 1721 2165 imperium
1747 2100 1837 2149 est
1867 2092 1935 2153 in

262 2167 476 2227 multos
523 2172 626 2245 qui
679 2168 952 2227 dicuntur
999 2169 1174 2233 cives,
1222 2179 1365 2227 tunc
1422 2170 1750 2247 imperium,
1779 2168 1934 2229 illud

267 2248 554 2325 appellari
577 2264 864 2315 wem-mor,-
884 2250 1069 2309 civile.
1153 2250 1327 2309 Hanc
1350 2251 1685 2326 opinionem
1713 2254 1941 2311 Aristo-

267 2330 409 2385 teles
435 2329 553 2388 hoc
590 2329 724 2386 loco
761 2328 990 2397 refutat,
1019 2342 1079 2389 et
1122 2332 1306 2389 tribus
1349 2337 1703 2407 argumentis
1731 2334 1940 2411 probat

266 2410 380 2467 ista
407 2412 652 2487 imperia
681 2412 858 2467 etiam
879 2414 1071 2488 specie
1100 2413 1252 2469 inter
1280 2430 1339 2469 se
1366 2410 1615 2472 differre.

613 2490 774 2547 Quod
798 2504 878 2547 est
893 2494 1136 2567 primum
1163 2506 1533 2567 argumentum
1551 2497 1581 2549 ,ἲ

355 2570 623 2645 ΡώηυιῐιΙ
669 2582 1080 2649 argumentum
1135 2576 1381 2631 sumitur
1426 2573 1461 2631 ὰ
1516 2576 1779 2649 materia,
1841 2572 1943 2649 Seu

271 2650 525 2725 objecto.
605 2653 754 2713 Quae
805 2661 1100 2723 versantur
1147 2656 1305 2711 cirea
1343 2654 1567 2726 objecta
1606 2662 1799 2731 specie
1851 2653 1947 2712 di-

268 2750 456 2799 versa,
484 2752 553 2789 ea
574 2735 700 2809 ipsa
721 2752 951 2811 quoque
981 2736 1173 2811 specie
1202 2738 1353 2792 inter
1380 2753 1439 2791 se
1461 2732 1762 2795 differunt.
1830 2734 1948 2793 Sed

274 2813 588 2887 imperium
629 2815 810 2871 herile
859 2826 918 2873 et
963 2816 1130 2872 civile
1169 2823 1466 2871 versantur
1519 2819 1674 2873 circa
1714 2813 1949 2890 objecta

271 2894 471 2971 specie
490 2893 706 2953 diversa
726 2914 741 2953 :
767 2894 914 2953 illud
935 2915 1073 2955 nam
1085 2905 1383 2953 exercetur
1401 2899 1461 2953 in
1477 2897 1741 2965 homines
1766 2917 1953 2960 servos

269 2975 390 3031 hoc
420 2974 551 3033 vero
591 2978 650 3033 in
692 2976 957 3034 homines
995 2977 1238 3035 liberos:
1286 2995 1479 3035 servus
1508 2989 1702 3037 autem
1738 2980 1811 3035 ab
1838 2980 1950 3037 ho-

276 3056 438 3111 mine
460 3057 644 3115 libero
671 3060 866 3133 specie
888 3056 1102 3117 differt.
1183 3056 1341 3135 Ergo
1368 3060 1678 3136 imperium
1704 3060 1885 3119 herile
1914 3058 1953 3117 ὲ

275 3136 432 3194 civili
455 3140 648 3215 specie
674 3136 886 3197 differt.
980 3132 1004 3141 “
1586 3194 1594 3201 .

641 3218 803 3276 Quod
828 3231 906 3275 est
933 3218 1162 3277 alterum
1191 3234 1560 3295 argumentum
1581 3224 1611 3278 ‚²

357 3298 630 3357 Alterum
682 3310 1096 3381 argumentum
1147 3304 1391 3359 sumitur
1440 3300 1476 3362 ὸ.
1521 3302 1709 3361 forma
1762 3298 1951 3379 impe·

272 3377 468 3437 randi.
556 3379 873 3456 Imperium
916 3381 1094 3439 herile
1137 3393 1224 3439 est
1265 3382 1493 3441 tantum
1535 3402 1712 3461 penes
1754 3403 1953 3451 unum,

278 3463 384 3545 qui
412 3460 564 3519 solus
591 3470 652 3519 et
676 3480 905 3543 semper
933 3462 1180 3539 imperat
1208 3464 1324 3523 suis
1352 3466 1547 3525 servis.
1632 3465 1956 3543 Imperium

1050 3561 1090 3599 n
1133 3550 1172 3601 2
