2517 4100
829 271 1066 332 LIBER
1106 273 1184 334 11.
1282 275 1286 284 ·
1420 235 1429 241 ’
1718 283 1833 338 347

103 481 124 495 .
179 429 422 511 bylonia
446 436 539 495 lex
562 443 705 506 erat,
730 444 798 496 ut
830 455 1032 498 earum
1070 456 1263 498 rerum
1290 457 1424 518 quoe
1463 441 1846 518 importaren-

183 529 280 576 tur
319 516 546 578 decima
592 519 895 581 solveretur
933 527 1088 598 pars,
1116 540 1226 580 nec
1266 539 1339 579 ea
1376 521 1503 600 lege
1542 526 1851 601 quisquam
1905 543 1913 552 ·

82 618 86 624 ’
187 597 474 660 utebatur.
557 601 894 662 observavit
925 602 1064 680 ergo
1100 617 1162 662 et
1201 604 1471 683 Satrapas
1510 623 1711 664 omnes
1748 607 1875 684 qni'
1958 610 1965 618 “

191 683 252 742 in
302 685 704 761 expectatione
759 693 925 744 erant
970 696 1030 744 et
1077 686 1311 758 milites,
1357 695 1419 745 et
1463 688 1687 768 legatos
1726 707 1857 747 non
1910 719 1915 726 ·

190 782 432 842 paucoS,
459 768 599 826 item
625 767 872 826 artifices
898 765 1132 824 aliunde
1173 770 1487 840 arcessitos,
1513 772 1618 847 qui
1658 789 1861 830 secum

189 845 337 906 alios
372 847 746 915 adducerent,
789 857 849 905 et
888 848 988 923 qui
1030 847 1301 923 privatim
1339 855 1863 928 peregrinarentur,

193 940 254 987 et
283 929 434 992 dona
460 928 766 1006 complura
791 947 925 1006 quae
967 927 1391 988 afferebantur=
1436 949 1471 988 a
1497 931 1709 1008 quibus
1736 953 1865 995 om-

144 1057 160 1078 ,
193 1010 368 1070 nibus
395 1011 716 1070 secundum
742 1013 1000 1088 priscam
1021 1011 1212 1088 legem
1243 1009 1535 1072 decimam
1558 1017 1768 1090 exegit.

283 1091 450 1152 Idem
483 1112 678 1152 rursus
705 1091 847 1151 dum
886 1094 1182 1170 mancipia
1209 1095 1444 1168 promit,
1472 1111 1607 1173 quae
1649 1099 1710 1154 in
1740 1113 1869 1156 cas·

200 1175 306 1234 tris
345 1185 531 1246 erant,
561 1176 733 1250 jussit
771 1176 1116 1253 cuicunque·
1139 1172 1371 1234 libitum
1410 1185 1577 1245 esset,
1608 1178 1871 1255 profiteri

201 1260 406 1336 quanti
434 1259 604 1336 yellet
629 1256 996 1335 eundemque
1035 1267 1275 1316 octonas
1301 1256 1611 1318 drachmas
1650 1277 1874 1319 annuas

202 1339 439 1400 solvere.
542 1335 718 1402 Quod
769 1342 817 1398 si
887 1341 1246 1416 mancipium
1308 1339 1564 1417 fugisset,
1620 1343 1873 1418 pretium

201 1420 365 1499 quod
391 1421 677 1500 professus
717 1430 882 1492 esset,
909 1424 1206 1499 reciperet.
1290 1423 1699 1500 Compluribus
1736 1421 1875 1501 ergo

204 1507 548 1582 conscriptis
586 1506 914 1582 mancipiis,
953 1523 1075 1563 non
1099 1505 1333 1580 ¹*exigua
1372 1513 1603 1564 summa
1648 1509 1875 1583 argenti

203 1586 471 1648 confecta
505 1596 610 1655 est,
640 1587 686 1644 si
726 1584 887 1663 quod
911 1585 1040 1645 vere
1075 1588 1437 1664 mancipium
1473 1585 1631 1666 fugae
1672 1607 1733 1646 se
1771 1586 1877 1646 de·

201 1668 401 1741 disset,
441 1669 747 1746 Satrapam
781 1667 1027 1742 jubebat
1071 1686 1226 1737 eum,
1269 1671 1333 1727 in
1372 1671 1537 1744 cujus
1575 1671 1880 1747 provincia

200 1761 390 1830 castra
416 1754 604 1830 posita
641 1760 833 1810 essent
867 1750 1012 1810 illud
1034 1762 1305 1830 praestare
1340 1764 1441 1812 aut
1465 1761 1875 1830 repraesentare

201 1834 314 1910 ipsi
339 1835 604 1906 Domino
623 1835 896 1910 pretium.

293 1996 550 2075 Ophelas
588 1995 906 2075 Olynthius
932 2014 1114 2077 quum
1139 2003 1465 2056 curatorem
1492 1996 1883 2058 constituisset

209 2082 273 2139 in
301 2098 432 2139 eam
461 2079 862 2159 praefecturam
894 2098 1026 2159 quae
1061 2078 1413 2139 Arthridites
1437 2086 1690 2149 vocatur,
1716 2089 1777 2138 et
1802 2078 1882 2152 ad

207 2166 406 2239 ipsum
447 2164 570 2238 ejus
609 2162 970 2241 praefecturae
1013 2162 1311 2239 principes
1350 2162 1737 2230 accessissent,
1777 2163 1883 2239 qui

205 2248 388 2322 longe
427 2245 600 2322 plura
632 2245 936 2305 collaturos
977 2242 1412 2321 pollicerentur,
1440 2245 1488 2301 si
1524 2240 1705 2303 modo
1744 2236 1908 2303 eum*

211 2345 391 2405 quem
417 2345 578 2387 nunc
607 2338 932 2388 curatorem
959 2326 1335 2385 constitueret
1349 2328 1885 2394 amoverem-inter·

205 2410 434 2485 rogavit
473 2410 624 2479 illos,
652 2428 803 2466 num
837 2427 908 2459 eu
949 2414 1224 2475 praestare
1266 2410 1518 2473 possent,
1547 2419 1681 2476 quoe
1705 2404 1885 2478 Profi-

209 2492 528 2547 {chamuti
587 2490 688 2557 qui
731 2498 868 2539 cum
908 2497 968 2537 se
1019 2497 1186 2555 posse
1228 2478 1506 2538 dixissent
1553 2482 1655 2539 illo
1706 2484 1884 2542 nihil-

213 2568 465 2634 ominus,
485 2573 546 2640 et
575 2569 895 2621 curatorem
919 2558 1123 2619 eodem
1152 2560 1281 2619 loco
1299 2561 1553 2638 reliquit,
1580 2573 1639 2621 et
1667 2564 1741 2621 ab
1770 2566 1883 2623 illis

212 2658 445 2708 tantum
487 2646 690 2705 tributi
733 2646 886 2721 exigi
918 2644 1092 2718 jussit
1138 2652 1425 2721 quantum
1479 2646 1589 2721 ipsi
1640 2645 1884 2722 professi

213 2736 400 2791 erant.
482 2728 689 2805 Neque
730 2728 906 2804 igitur
929 2743 1105 2801 quem
1146 2727 1521 2784 constituerat
1561 2728 1886 2806 ignominia

215 2813 444 2873 afficere
468 2810 650 2869 voluit
675 2828 866 2886 neque
891 2806 1092 2866 tributi
1122 2807 1234 2866 illis
1262 2808 1393 2885 plus
1428 2809 1677 2886 imponi,
1705 2808 1883 2887 quam

218 2896 421 2974 quanti
462 2894 574 2970 ipsi
616 2892 830 2970 seipsos
871 2890 1240 2961 censuissent,
1270 2892 1394 2967 ipse
1427 2891 1559 2953 vero
1596 2910 1671 2951 ex
1708 2910 1779 2953 ea
1816 2912 1883 2961 re

217 2975 607 3055 multiplicem
633 2974 946 3054 pecuniam
974 2974 1349 3050 comparavit.

301 3138 610 3218 Pythoclea
664 3138 1042 3198 Atheniensis
1090 3135 1545 3196 Atheniensibus
1597 3140 1773 3198 suasit
1817 3149 1886 3199 ut

221 3223 533 3302 plumbum
580 3220 741 3300 quod
786 3222 840 3303 a,
873 3220 1065 3299 Tyriis
1119 3217 1560 3290 subuehebatur,
1605 3223 1805 3280 civitas
1846 3222 1889 3280 A

223 3306 460 3381 privatis
506 3323 623 3382 quo
668 3306 857 3382 pretio
905 3304 986 3361 illi
1035 3300 1383 3370 vendebant,
1422 3302 1582 3361 binis-
1624 3302 1889 3361 videlicet
1940 3336 1957 3357 ι

227 3384 520 3447 drachmis
557 3394 810 3463 caperet.
891 3380 1118 3445 Deinde
1137 3385 1470 3443 constituto
1508 3384 1889 3446 miseriarum
1928 3379 1933 3390 '

225 3466 635 3532 drachmarum
661 3470 851 3549 pretio
873 3486 946 3533 ea
971 3466 1191 3531 tatione
1216 3463 1565 3535 divenderet-
