2517 4100
793 236 802 262 ¹
883 268 1120 330 ιιΒΕιι
1159 218 1208 328 ι.
1757 273 1879 338 εει,

217 430 558 491 retricibus:
609 451 753 492 uxor
771 430 907 492 vero
947 433 1207 503 honesta,
1234 432 1421 490 virum
1462 449 1629 491 suum
1667 439 1734 490 ut
1772 449 1885 510 par

219 521 310 570 est
335 511 548 592 pudice
574 525 634 572 et
663 515 882 574 amabit
905 525 966 574 et
990 516 1449 582 verebitur..
1576 533 1582 538 ·

517 597 681 654 Estne
705 615 833 674 ergo
860 601 1023 656 timor
1047 600 1194 656 alius
1219 611 1382 675 atque
1406 596 1583 654 alius.
1574 599 1601 640 2

309 675 582 738 Omnino.
663 679 819 738 Nam
858 677 990 737 duae
1021 683 1152 755 ejus
1186 688 1323 736 sunt
1363 678 1610 754 species.
1681 675 1890 736 Timor

223 757 373 816 alius
398 770 485 818 est
512 756 722 824 vaCnc
747 781 800 818 ‘rs
839 785 929 820 nus
968 786 1142 837 σεμνος
1182 779 1320 818 cum
1354 761 1673 818 reverentia
1698 766 1891 833 --atque

220 839 448 916 pudore
475 843 840 914 conjunctus,
867 843 1052 920 qualis
1085 842 1397 901 liberorum
1420 840 1729 918 proborum
1754 857 1895 916 erga
1962 875 1967 878 -

217 933 508 1014 parentes,
535 924 750 982 civium
790 923 1106 998 proborum
1151 942 1291 999 erga
1336 927 1757 1000 magistratum,
1784 940 1919 988 cu-¹

211 1005 312 1076 jus
351 999 604 1063 favorem
641 1006 702 1062 in
731 1004 1112 1078 gubernando
1147 1007 1439 1064 sentiunt.
1482 1003 1655 1083 vulgo
1681 1003 1895 1064 dicitur

219 1086 440 1146 Filialis
462 1105 564 1150 seu
584 1084 955 1144 venerabilis.
998 1089 1167 1146 Alius
1186 1106 1321 1146 cum
1344 1088 1694 1148 alienatione
1713 1087 1899 1146 animi

203 1172 406 1262 atque
447 1165 580 1226 odio
619 1167 936 1236 cohabitat,
964 1168 1258 1246 quomodo
1298 1172 1440 1227 servi
1470 1169 1681 1228 timent
1708 1165 1931 1238 domn,

225 1268 358 1320 nos,
381 1251 579 1326 inique
601 1252 888 1340 suppressi
909 1259 1214 1327 tyrannos:
1235 1247 1435 1347 ..vulgo
1442 1252 1676 1310 servilis.
1736 1251 1901 1310 Prior

227 1329 327 1388 ille
356 1333 528 1391 timor
542 1333 784 1390 uxorem
810 1335 1135 1404 comitetur,
1159 1335 1322 1407 cujus
1332 1335 1605 1392 animum
1635 1332 1744 1390 sibi
1770 1350 1900 1390 ma·

228 1414 374 1471 ritus
418 1414 779 1473 humanitate
824 1417 1134 1474 conciliare
1184 1415 1376 1482 debet,
1418 1425 1592 1493 atque
1640 1418 1724 1472 ita
1768 1433 1901 1473 eam
1984 1421 1987 1426 '

230 1495 344 1554 sibi
389 1495 584 1572 quoad
625 1495 804 1554 fidem
846 1511 908 1559 et
949 1501 1283 1574 aequitatem
1328 1497 1635 1565 devincire,
1676 1504 1743 1554 ut
1778 1515 1901 1554 non

229 1579 516 1638 minorem
566 1577 774 1636 absens
816 1588 992 1658 atque
1035 1597 1293 1656 praesens
1338 1599 1572 1640 suorum
1617 1579 1903 1645 bonorum

229 1658 484 1720 fructum
527 1663 842 1737 percipiat.
904 1661 1110 1720 absens
1151 1659 1285 1721 vero
1330 1664 1462 1720 talis
1504 1660 1785 1719 habeatur
1824 1661 1901 1718 ab

230 1761 428 1810 uxore,
468 1750 533 1800 ut
572 1743 802 1802 nullum
843 1744 954 1802 sibi
993 1745 1323 1814 meliorem,
1349 1731 1801 1802 commodiorem
1840 1750 1918 1806 et*

227 1824 663 1884 familiariorem
708 1827 1044 1919 contingere
1091 1828 1339 1902 potuisse
1386 1826 1627 1884 firmiter
1674 1832 1905 1882 statuat.

233 1906 393 1966 Quas
441 1907 619 1963 animi
666 1902 830 1963 dotes
876 1909 1004 1982 ipsa
1050 1924 1194 1963 uxor
1236 1907 1408 1964 facile
1445 1914 1803 1984 assequetur,
1852 1907 1905 1964 si

231 1987 429 2066 puella
454 1985 644 2046 adhuc
671 1995 730 2044 et
757 1994 926 2045 aetate
951 1988 1180 2060 juvenis
1206 1990 1403 2045 omnia
1428 1975 1503 2044 ad
1529 2003 1905 2046 communem

232 2070 490 2129 retulerit
516 2070 843 2136 utilitatem,
871 2078 932 2127 et
958 2068 1069 2126 sibi
1110 2069 1241 2146 ipsa
1279 2068 1567 2128 moderari
1592 2071 1905 2145 occeperit,

234 2153 320 2232 ita
343 2155 504 2211 enim
529 2149 901 2228 postmodum
929 2150 1153 2228 optima
1179 2151 1288 2210 sibi
1330 2152 1506 2211 totius
1530 2152 1663 2210 vitae
1687 2148 1901 2228 guber-

234 2236 424 2293 natrix
449 2235 672 2291 existet.
1252 2265 1258 2273 x

425 2316 626 2375 Suntne
651 2316 810 2391 hujus
833 2318 918 2375 rei
943 2318 1096 2394 apud
1133 2318 1335 2375 Veteres
1359 2320 1667 2375 testimonia
1686 2322 1716 2374 Ρ

318 2399 463 2457 Sunt
500 2412 658 2459 sane.
741 2399 1011 2471 Namque
1059 2400 1347 2455 Homerus
1386 2398 1593 2455 nullibi
1642 2414 1898 2457 amorem
1960 2402 2084 2464 Cap.
2099 2407 2158 2452 3.

231 2480 564 2541 timoremve
604 2482 726 2534 sine
753 2475 1102 2534 verecundia
1135 2476 1577 2545 commendavit,
1605 2477 1706 2535 sed
1732 2498 1896 2535 amo·
1920 2467 2045 2528 053⁴·
2070 2494 2177 2548 ’νας

234 2579 358 2619 rem
384 2578 520 2619 cum
547 2552 830 2617 modestia
856 2568 1030 2634 atque
1059 2556 1280 2633 pudore
1302 2559 1621 2631 conjunxit,
1643 2558 1802 2636 quod
1828 2578 1899 2617 ex
1921 2562 2205 2629 Ομηςοςτο·

139 2652 142 2655 ’
235 2643 418 2703 verbis
447 2642 688 2700 Helenae
715 2638 792 2695 ad
818 2638 1114 2696 Priamum
1144 2640 1356 2715 liquet:
1923 2653 2040 2707 ιςοι,
2070 2626 2174 2689 οὔδι

670 2716 862 2785 Αἲδοιος
885 2740 939 2776 τε
967 2745 1054 2791 μοι
1082 2745 1158 2783 ⁸5¹⁸
1181 2733 1295 2794 φιλε
1322 2744 1472 2800 ικυρε.
1922 2706 2090 2783 0⁰3⁰!-

387 2802 454 2850 Et
474 2800 796 2850 venerandus
819 2812 872 2847 es
896 2797 926 2843 ὃ
949 2814 1094 2847 socer
1115 2807 1166 2846 et
1190 2800 1309 2847 mihi
1334 2813 1450 2847 care
1472 2798 1745 2849 timendus.
1796 2800 1803 2811 ¹
1922 2790 2071 2849 Iliad
2094 2817 2155 2864 γ.

240 2884 316 2943 Et
341 2884 567 2979 Ulyssis
592 2884 942 2941 Nausicaam
969 2884 1410 2959 compellantis·

544 2961 640 3029 Ως
665 2991 724 3022 σε
752 2988 902 3035 γυναι
927 2989 1136 3039 αγαμαι
1164 2990 1220 3021 σε
1249 2963 1452 3027 τιθηπι
1477 2990 1553 3023 τι.
1926 2960 2196 3041 Odyss.{.

545 3044 626 3091 Sic
651 3058 790 3093 nunc
815 3052 864 3093 te
888 3044 1107 3093 admiror
1132 3044 1317 3092 mulier
1339 3052 1631 3107 metuoque.

241 3124 434 3200 Atque
463 3124 543 3182 ita
569 3143 706 3201 erga
731 3142 790 3183 se
817 3128 1062 3185 invicem
1084 3125 1319 3184 affectos
1342 3145 1460 3184 esse
1488 3134 1749 3201 oportere
1774 3144 1903 3184 ma-

241 3206 416 3264 ritum
456 3214 518 3263 et
558 3225 791 3266 uxorem
834 3217 1030 3267 censet
1068 3210 1359 3285 sapienter
1395 3210 1698 3274 Homerus,
1713 3206 1900 3298 (οὖδας

244 3311 340 3367 γις
363 3284 616 3362 Sannaba
655 3314 744 3347 mi
780 3304 1197 3352 καταπλήττεται
1238 3313 1322 3348 τοι
1348 3312 1541 3370 χιιρονα
1565 3276 1746 3360 inv-re)
1787 3288 1899 3345 hoc

245 3378 345 3437 est,
373 3386 507 3425 cum
552 3389 724 3427 nemo
765 3369 1092 3439 admiretur,
1126 3368 1312 3430 multo
1352 3374 1543 3429 minus
1584 3378 1902 3429 revereatur

245 3468 374 3591 epgi
402 3469 577 3527 quem
605 3470 663 3509 se
690 3450 1032 3511 deteriorem
1059 3455 1381 3512 existimat.
1426 3451 1526 3511 sed
1554 3452 1667 3511 hoc
1692 3468 1904 3526 genere

352 3546 478 3592 ctus
527 3553 585 3591 se
626 3534 930 3613 complecti
973 3534 1210 3606 soleant,
1252 3536 1355 3613 qui
1402 3536 1603 3611 seipsis
1646 3535 1797 3592 inter
1837 3551 1897 3597 se
