2517 4100
925 291 1168 352 LIBER
1217 290 1323 352 IV.
1850 298 1962 355 165

286 451 704 528 cumscriptum
725 434 782 511 et
801 452 1114 510 limitatum
1139 449 1468 526 imperium,
1497 449 1561 520 in
1586 456 1745 509 certa
1768 451 1965 529 aliqua

285 542 452 601 parte
480 535 759 591 civitatis:
801 543 862 590 et
892 536 950 591 in
979 542 1162 607 certos
1189 534 1403 590 civium
1426 530 1691 595 ordines:
1740 541 1802 590 ut
1824 546 1960 591 sunt

286 630 608 687 αγοςιιομοι,
639 614 698 671 id
725 614 1062 692 esthquibus
1081 631 1221 672 cura
1241 612 1345 669 fori
1371 622 1432 669 et
1450 632 1642 671 rerum
1671 613 1960 673 venalium

285 698 374 743 est
402 696 741 753 commissa:
774 697 853 753 ita
872 692 1189 769 ωασδονομοι,
1220 692 1281 758 id
1304 703 1407 759 est,
1425 694 1635 769 quibus
1654 694 1963 771 disciplina

284 784 593 842 puerorum
608 787 693 834 est
709 778 1038 833 commissa.
1088 774 1241 833 Hinc
1270 777 1447 831 etiam
1466 784 1623 831 extat
1642 776 1679 832 J
1686 775 1959 835 misc-ons·
2019 776 2025 789 '

283 846 609 915 distinctio:
641 860 742 933 qui
763 858 966 915 dicunt
989 856 1365 933 Magistratus
1383 857 1523 913 alios
1540 874 1660 913 esse
1684 856 1958 929 Majores,

284 930 425 1017 alios
451 933 584 992 vero
615 941 895 997 Minores·
983 1006 988 1013 ³
1406 983 1411 991 .

366 1010 557 1085 Sexto,
597 1022 819 1079 ratione
873 1020 1036 1077 Fonu
1048 1036 1210 1075 Aaou
1256 1016 1500 1093 Reipub.
1580 1020 1957 1094 Magistratus

283 1092 379 1149 alii
433 1110 566 1156 suut
611 1119 950 1159 communes
983 1101 1250 1158 omuibus
1296 1101 1655 1177 Rerumpub.
1708 1100 1911 1158 formis
1934 1120 1951 1159 ε

284 1182 348 1230 ut
375 1174 735 1248 Consulatus,
765 1180 1048 1248 AEdilitas,
1087 1182 1430 1240 Quaestura:
1478 1183 1575 1240 alii
1602 1183 1957 1240 conveniunt

245 1284 260 1293 ·
281 1258 454 1314 certis
495 1260 853 1338 Rerumpub.
881 1262 1116 1321 formis:
1139 1263 1335 1319 ·veluti
1375 1263 1763 1321 Aristocratiae
1810 1280 1955 1321 con·

253 1339 436 1394 .venit
457 1340 850 1417 Magistratus,
877 1345 978 1419 qui
1015 1362 1089 1400 ex
1115 1344 1491 1419 optimatibus
1516 1352 1779 1421 constat:
1826 1342 1953 1401 Oli·

275 1420 554 1490 garchiae‚
583 1427 684 1499 qui
713 1442 785 1482 ex
805 1424 1098 1483 nobilibus
1111 1433 1174 1482 et
1197 1424 1501 1483 divitibus:
1546 1424 1953 1496 Democratiae,

279 1500 382 1573 qui
411 1518 484 1558 ex
502 1503 733 1578 plebiis.
1097 1548 1104 1556 .

257 1600 266 1609 ·
357 1580 634 1658 Septimo,
663 1588 884 1645 ratione
916 1588 1368 1645 Naessum-ris.
1436 1586 1813 1661 Magistratus
1854 1584 1951 1643 alii

261 1651 554 1723 :dicuntur
579 1686 702 1725 esse
738 1671 1038 1727 necessarii
1071 1668 1146 1726 ad
1174 1666 1666 1727 constituendam.
1692 1664 1953 1743 aliquam

277 1738 566 1820 Rempub'.
597 1751 719 1805 sine
751 1750 976 1827 ‚quibus
1021 1768 1140 1807 non
1169 1750 1581 1827 potest‘civilis
1616 1750 1860 1806 societas
1887 1748 1951 1805 in

275 1823 508 1883 civitate
545 1826 644 1887 diu
673 1830 826 1889 salva
846 1833 1153 1889 consistere
1173 1846 1204 1889 e·
1235 1839 1303 1889 ut
1330 1840 1465 1887 sunt
1510 1828 1769 1905 praefecti
1785 1826 1953 1900 judi·
2044 1855 2051 1863 ·

274 1903 520 1991 ciorum,
569 1913 936 1978 concionum,
992 1912 1210 1987 legum,
1286 1911 1540 1987 publicae
1606 1908 1951 1984 disciplina.

275 1984 401 2041 Alii
428 1984 700 2047 dicuntur
723 2008 844 2048 esse
887 1992 1198 2058 honorarii,
1225 2001 1286 2050 et
1302 1986 1480 2064 *utiles
1520 1987 1596 2046 ad
1630 1989 1947 2046 honestan-

273 2063 416 2123 dam
454 2077 514 2124 et
535 2070 1033 2130 condecorandam
1051 2073 1341 2130 civitatem
1368 2091 1385 2130 ε
1436 2081 1501 2128 ut
1524 2079 1673 2134 sunt.
1685 2067 1949 2147 praefecti

271 2151 726 2222 gymnasiorum,
749 2153 1227 2230 spectaculorum,
1257 2153 1545 2221 ludorum,
1572 2161 1634 2208 et
1664 2150 1949 2210 similium

271 2245 505 2288 rerum:
551 2235 652 2309 qui
693 2234 828 2292 licet
869 2237 927 2291 in
965 2236 1154 2310 parvis
1179 2233 1505 2292 civitatibus
1546 2251 1665 2290 non
1692 2233 1810 2289 sint
1836 2250 1944 2290 ne·

245 2313 524 2379 -oessarii,
545 2309 736 2372 tamen
757 2318 984 2394 magnis
1005 2315 1326 2375 civitatibus
1345 2314 1613 2374 adferunt
1632 2331 1945 2372 ornamen-

271 2397 418 2450 tum.
481 2394 570 2451 De
597 2396 686 2453 his
713 2397 879 2471 infra,
907 2396 1060 2455 libro
1086 2406 1265 2466 sexte,
1286 2415 1418 2473 cap.
1449 2403 1503 2454 8.

351 2472 661 2546 Postremo,
713 2480 890 2536 etiam
939 2479 1069 2536 haec
1133 2478 1433 2536 distinctio
1492 2474 1755 2534 notanda
1809 2483 1935 2534 est:

269 2549 428 2626 quod
457 2557 832 2633 Magistratus
857 2557 1147 2618 interdum
1166 2560 1409 2636 singulis
1426 2567 1485 2616 et
1504 2554 1677 2614 certis
1698 2554 1941 2634 quibus-

245 2632 408 2692 ·dam
462 2642 717 2712 personis
783 2638 1246 2698 demandantur:
1318 2648 1379 2698 et
1445 2635 1940 2715 quemadmodum

267 2713 394 2773 fieri
419 2717 565 2776 solet
611 2723 672 2778 in
715 2725 946 2800 magnis
984 2723 1332 2790 civitatibus,
1366 2723 1431 2778 in
1469 2718 1681 2796 quibus
1705 2726 1940 2795 propter

265 2793 652 2874 frequentiam
689 2805 901 2860 civium
927 2803 1122 2878 plures
1148 2801 1661 2879 reperiuntur-‚qui
1682 2798 1759 2856 ad
1786 2799 1935 2871 ejus-

263 2877 423 2936 modi
442 2881 806 2957 publicor'um
834 2884 1202 2961 negotiorum
1221 2881 1783 2942 administrationem
1799 2888 1941 2939 sunt

181 2969 196 2978 ·
263 2957 481 3019 idonei.
569 2963 868 3024 Interdum
896 2960 1030 3023 vero
1055 2961 1245 3040 plures
1279 2965 1659 3040 magistratus
1684 2963 1939 3032 nubant

262 3043 468 3115 paucis
492 3042 994 3121 aliquibus·solent
1018 3045 1285 3104 mandari
1312 3066 1327 3105 ε
1374 3055 1442 3103 ut
1466 3046 1527 3102 in
1570 3046 1761 3118 parvi·
1793 3044 1936 3101 civi·

265 3118 498 3194 tatibus,
522 3125 580 3181 in
614 3129 824 3202 quibus
858 3135 1096 3205 propter
1126 3124 1543 3206 ολιγαυθςωπιαιι,
1566 3124 1630 3183 id
1653 3135 1761 3191 est,
1787 3143 1936 3200 pau-

261 3202 502 3259 citatem
522 3207 754 3276 civium,
775 3212 950 3268 etiam
972 3209 1271 3285 pauciores
1295 3207 1497 3265 haberi
1530 3215 1793 3282 possunt,
1831 3204 1939 3282 qui

241 3281 340 3339 .ad
370 3284 526 3340 varia
549 3287 832 3357 ejusmodi
857 3289 1091 3367 publica
1107 3289 1297 3348 officia
1318 3285 1779 3347 administranda
1802 3295 1937 3346 sunt

261 3361 485 3431 idonei,
509 3367 602 3421 οἷον
627 3371 1064 3446 οβελισκολυχυιω,
1091 3377 1377 3446 tanquam
1396 3368 1811 3428 verulucernoe.

243 3477 252 3486 ·
339 3445 518 3502 Nota.
584 3448 1049 3524 οβιλισκολυχηω,
1077 3467 1146 3507 ac
1189 3451 1237 3509 si
1273 3449 1433 3508 dicas
1454 3449 1934 3517 veruluceruium‚

260 3543 386 3586 osae
419 3526 734 3602 ‘lucernam
776 3527 1025 3586 obelisco
1075 3529 1396 3607 praefixam,
1440 3531 1629 3608 qualis
1676 3539 1765 3589 est
1816 3545 1957 3605 qua
2018 3589 2029 3612 x
2066 3531 2081 3542 “

262 3607 574 3684 praelucere
616 3606 801 3702 solent
843 3610 1156 3670 viatoribus
1209 3613 1528 3705 nocturnis,
1582 3627 1701 3690 qua
1752 3617 1813 3669 et
1859 3607 1938 3670 ad
