2517 4100
618 302 737 360 844
1098 292 1799 356 OECONOMICORUM

616 472 801 523 tatum
838 462 1083 539 ipseque
1122 460 1398 538 princeps
1433 460 1542 519 hoc
1579 460 1769 536 ipsum
1797 454 1990 536 palam
2015 458 2292 542 faciebat.

616 545 821 622 Itaque
876 560 1055 621 quum
1113 543 1482 601 bominibus
1475 543 1888 623 persuasisset,
1943 560 2154 619 eosque
2209 542 2294 601 ad

614 626 777 685 hunc
818 626 1060 688 modum
1102 626 1173 682 ab
1215 626 1358 683 urbe
1407 610 1704 699 paululum
1750 623 2094 692 abduxisset,
2077 630 2294 765 ,80ιέιέἰ

495 749 501 757 .
617 717 771 767 tatus
818 726 1180 785 quascunque
1228 706 1508 775 ferebant,
1561 707 1818 766 abstulit
1842 715 2127 784 quantum
2175 726 2222 765 si

618 808 763 868 opus
790 810 909 848 esse
938 794 1173 867 putavit,
1202 790 1487 863 illosque
1475 806 1534 843 in
1567 806 1731 844 suum
1754 790 1958 863 locum
1989 788 2240 847 reduxit.

700 870 859 929 Idem
906 889 1087 946 quum
1136 888 1242 945 per
1287 887 1612 945 praeeonem
1655 866 1922 927 edixisset
1964 883 2027 926 ut
2075 870 2289 948 quibus

614 952 937 1012 civitatibus
986 956 1108 1029 ipse
1156 953 1482 1047 imperaret,
1529 953 1587 1009 in
1641 952 1708 1007 iis
1751 970 1922 1009 nemo
1967 952 2080 1007 ulla
2119 970 2289 1009 arma

614 1036 787 1094 domi
801 1035 1132 1111 possideret.
1214 1032 1390 1093 Quod
1432 1037 1477 1091 si
1521 1034 1648 1110 quis
1685 1032 1841 1091 dicto
1883 1033 2122 1091 audiens
2163 1052 2292 1091 non

613 1117 829 1184 fuisset,
850 1117 987 1175 huic
1011 1115 1462 1193 dependendum
1483 1116 1603 1173 fore
1632 1127 1931 1192 argentum
1959 1136 2060 1191 pro
2083 1117 2286 1185 multa,

614 1199 1057 1277 quodssdixerat
1085 1199 1432 1275 negligebat,
1465 1216 1570 1256 nec
1599 1198 1699 1256 ulli
1731 1217 1964 1274 prorsus
1993 1212 2148 1255 curae
2175 1198 2288 1256 sibi

612 1301 737 1339 esse
780 1282 1179 1359 significabat:
1241 1292 1321 1336 ut-
1343 1281 1625 1348 homines,
1670 1298 1851 1356 quum
1894 1283 2292 1339 existimarent

614 1364 784 1422 illum
811 1363 1021 1422 temere
1048 1364 1312 1431 edixisse,
1340 1382 1474 1439 quae
1499 1363 1704 1435 singuli
1737 1360 1882 1419 forte
1911 1362 2291 1439 possidebant

617 1448 734 1503 suis
758 1447 902 1504 locis
940 1450 1181 1505 immota
1219 1458 1470 1517 tenuere.
1556 1443 1664 1502 Sed
1697 1445 1792 1502 ille
1823 1457 2057 1520 repente
2089 1446 2289 1501 unius·
2387 1454 2394 1463 ’

567 1552 576 1562 ·
618 1530 895 1604 cujusque
922 1528 1375 1605 suppellectilem
1404 1537 1702 1593 scrutatus,
1726 1527 1880 1603 apud
1910 1544 2289 1603 quoscunque

622 1628 916 1668 armorum
939 1611 1122 1668 ullum
1150 1628 1332 1685 genus
1357 1608 1754 1687 deprehendit,
1776 1610 1849 1668 ab
1872 1610 1961 1667 his
1989 1609 2289 1679 mulctam,

620 1710 801 1769 quam
830 1693 1072 1763 dixerat,
1100 1696 1313 1768 exegit.

1410 1782 1510 1835 31.

701 1854 1050 1914 Philoxenus
1100 1856 1340 1932 quidam
1393 1856 1672 1925 Rhodius,
1699 1874 1878 1934 quum
1923 1856 2111 1911 Cariae
2143 1871 2287 1930 pro-

615 1939 823 1996 vinciae
882 1948 1166 2015 praeesset,
1224 1941 1600 2016 pecuniisque
1668 1938 1968 2013 indigeret,
2024 1935 2173 1994 dixit
2223 1955 2286 1993 se

617 2020 899 2098 Dionysia
926 2019 1348 2079 celebraturum
1379 2024 1478 2098 qui
1521 2021 1710 2079 choris
1751 2030 2044 2098 sumptum
2076 2036 2288 2096 sugge-

619 2115 751 2161 rent
778 2105 1038 2162 homines
1070 2106 1416 2181 conscripsit
1445 2106 1696 2162 maxime
1722 2106 1980 2161 omnium
2009 2101 2288 2159 fructibus

578 2215 584 2225 ι
620 2185 1016 2243 abundantes:
1063 2185 1274 2260 quibus
1307 2187 1482 2242 etiam
1515 2203 1646 2260 quae
1691 2204 1968 2260 apparare
2012 2202 2156 2260 opus
2195 2201 2289 2240 es-

620 2277 726 2334 set,
771 2268 1089 2340 imperavit.·
1172 2267 1286 2323 Sed
1328 2285 1424 2322 eos
1465 2265 1662 2323 videns
1711 2267 1862 2323 hanc
1911 2285 2029 2324 rem
2080 2267 2290 2342 aegrius

616 2346 881 2405 ferentes.
934 2363 1035 2416 per
1092 2358 1276 2402 certos
1329 2346 1593 2403 homines
1645 2347 1857 2420 quibus
1916 2347 2293 2405 internunciis

617 2424 907 2487 utebatur,
932 2421 1239 2497 rogitabat,
1268 2421 1426 2496 quid
1437 2421 1673 2476 tandem
1711 2427 2065 2498 sponderent
2093 2447 2152 2481 se
2181 2427 2294 2484 da-

620 2518 799 2574 turos,
840 2522 960 2582 quo
1002 2503 1153 2561 illius
1194 2498 1708 2559 administrationis
1757 2502 2034 2561 molestias
2074 2503 2293 2565 libera-

620 2599 857 2648 rentur:
901 2598 1025 2645 tum
1052 2582 1185 2643 vero
1214 2583 1296 2641 illi
1337 2603 1408 2642 eo
1449 2595 1682 2660 sumptu
1725 2595 1900 2662 quem
1943 2603 2002 2642 se
2041 2584 2294 2646 facturos

623 2671 953 2750 sperabant,
980 2668 1167 2725 multo
1184 2667 1460 2742 oamplius
1487 2665 1626 2724 dare
1652 2667 1898 2744 pollitici
1933 2679 2084 2737 sunt,
2115 2679 2180 2728 ut
2207 2673 2291 2728 sic

620 2763 683 2812 et
708 2752 779 2811 ea
816 2749 1079 2813 molestia
1116 2750 1399 2816 carerent,
1427 2767 1617 2826 neque
1659 2748 1696 2807 Δ
1735 2751 1850 2808 suis
1877 2750 2082 2827 procul
2125 2752 2292 2810 abes·

522 2880 535 2892 .
624 2845 791 2908 sent3
822 2843 883 2891 at
912 2833 1007 2890 ille
1028 2842 1086 2890 et
1114 2833 1186 2888 ab
1208 2833 1296 2890 his
1317 2829 1603 2908 quidquid
1624 2829 1822 2890 datum
1851 2842 1938 2890 est
1965 2833 2290 2910 accepit‚.et

622 2919 763 2975 alios
800 2917 928 2974 loco
970 2914 1195 2971 illorum
1237 2915 1597 2990 conscripsit,
1625 2913 1816 2990 quoad
1841 2923 1900 2972 et
1927 2915 2002 2970 ab
2029 2916 2116 2972 his
2149 2917 2288 2992 ipsis

622 3001 849 3076 accepit
893 2996 1049 3074 quod
1085 2997 1262 3054 voluit
1301 3004 1360 3053 et
1401 2997 1475 3054 ab
1516 2995 1795 3054 omnibus
1825 2996 2157 3073 singulatim
2197 3015 2286 3056 re-

622 3088 1035 3158 praesentatum
1060 3089 1147 3135 est
1175 3076 1416 3152 aliquid.

706 3241 913 3300 Eveses
934 3243 1109 3318 Syrus
1126 3242 1385 3316 AEgyptii
1402 3243 1714 3316 provincioe
1735 3246 2089 3340 praepositus,
2105 3263 2287 3323 quum

624 3323 929 3402 praefectos
975 3324 1330 3398 singularum
1375 3335 1540 3381 terroe
1579 3325 1817 3402 AEgypti
1859 3325 2106 3403 partium
2153 3345 2188 3385 a
2227 3345 2288 3384 se

624 3407 945 3467 defecturos
998 3407 1281 3471 sensisset,
1327 3417 1672 3464 convocatos
1729 3409 1789 3466 in
1839 3410 2033 3467 aulam
2085 3427 2286 3468 omnes

548 3563 559 3568 -
625 3488 941 3566 suspendit.
1021 3487 1422 3549 Familiaribus
1471 3498 1664 3546 autem
1707 3507 1774 3546 ac
1815 3488 2147 3549 domesticis
2185 3509 2284 3550 eo-

620 3587 753 3628 rum
770 3573 944 3644 jussit
966 3571 1319 3641 renunciari,
1343 3568 1384 3630 a
1415 3589 1474 3632 se
1515 3570 1648 3633 illos
1670 3570 1874 3633 haberi
1911 3575 1974 3635 in
2007 3571 2283 3634 custodia.
