2517 4100
613 291 732 346 sos
1197 249 1755 344 rotmcoiwm

612 468 783 510 serm.
809 455 912 508 nat.
948 454 1002 508 1.
1035 447 1118 506 ita
1156 448 1335 506 etiam
1374 447 1433 506 in
1462 445 1713 504 Musicis
1752 447 2035 506 exoeoifiis
2076 445 2329 524 modusj

611 530 852 610 quidam
875 524 1185 590 servandus
1209 537 1337 586 est:
1380 537 1439 586 et
1476 528 1609 597 illis,
1637 543 1702 586 ut
1731 528 2065 590 Aristoteles
2087 530 2295 607 loqui-

613 625 724 684 tur,
763 638 918 692 pexgs
960 635 1045 680 w,
1093 609 1465 688 aliquousque
1504 611 1711 668 saltem
1750 629 1931 688 opera
1970 610 2185 680 danda,
2228 623 2297 670 et

566 757 574 765 .
609 697 894 754 terminus
935 693 1144 770 aliquis
1184 689 1639 760 constituendus,
1666 693 1821 752 ultra
1848 697 2025 770 quem
2052 713 2173 752 non
2198 703 2297 752 est

609 773 1126 854 progrediendum:
1172 773 1450 832 nimirum
1478 783 1760 851 quatenus
1794 775 1897 833 illa
1936 793 2055 834 non
2096 779 2295 852 impe-

611 859 780 917 diunt
801 859 1057 933 graviora
1091 864 1154 913 et
1194 856 1379 932 magis
1406 858 1727 916 necessaria
1766 855 1997 916 studia:
2040 866 2100 916 et
2140 876 2295 934 qua-

611 950 778 998 tenus
815 940 1074 996 excitant
1113 939 1341 996 animos
1379 946 1629 1010 nostros,
1655 949 1721 998 ut
1756 940 1873 998 sint
1897 941 2295 1016 promptiores

609 1032 674 1080 et
712 1021 1032 1092 alacriores,
1061 1019 1137 1079 ad
1176 1019 1375 1078 civiles
1414 1022 1670 1080 actiones
1708 1019 2023 1080 obeundas.
2103 1021 2296 1080 Deni-

610 1121 725 1181 que
751 1110 1038 1180 quatenus
1062 1121 1275 1179 corpus
1299 1109 1559 1160 nostrum
1578 1121 1699 1160 non
1721 1102 1973 1162 reddunt
1994 1105 2293 1180 ignavum,

565 1221 572 1226 -
609 1185 804 1254 molle,
833 1193 894 1242 et
933 1186 1138 1244 inutile
1167 1182 1242 1240 ad
1267 1183 1507 1242 bellicas
1532 1186 2005 1244 exercitationes}
2050 1195 2113 1244 ut
2138 1193 2197 1242 et
2226 1186 2297 1242 in

608 1266 770 1326 bello
795 1275 856 1325 et
881 1268 943 1324 in
973 1285 1119 1344 pace
1147 1267 1431 1342 possimus
1460 1266 1640 1324 utiles
1664 1285 1785 1324 esse
1816 1266 2066 1344 Reipub,
2090 1274 2301 1324 nostra.

611 1350 782 1408 cives.
869 1348 1118 1408 Proinde
1148 1349 1286 1406 satis
1312 1345 1483 1406 fuerit
1511 1346 1901 1412 adolescentes
1924 1350 2075 1407 hanc
2104 1356 2297 1408 artem

612 1427 684 1488 eo
721 1449 902 1508 usque
941 1428 1161 1489 discere
1202 1443 1263 1488 et
1298 1447 1601 1490 exercere:
1648 1429 1834 1489 donec
1874 1433 2099 1508 possint
2132 1427 2296 1488 recte
2478 1473 2480 1548 4

615 1511 690 1570 de
715 1513 884 1572 bonis
907 1513 997 1571 vel
1023 1513 1240 1571 vitiosis
1280 1511 1599 1570 harmoniis
1640 1521 1699 1570 et
1739 1512 2106 1573 cantionibus
2146 1512 2299 1574 Mu-

615 1596 748 1652 sicis
775 1593 1077 1668 judicare:
1120 1603 1180 1652 et
1219 1595 1267 1649 si
1308 1612 1455 1670 opus
1494 1592 1687 1662 fuerit,
1710 1596 1928 1670 seipsos
1958 1610 2193 1670 quoque
2216 1611 2300 1652 ex

613 1676 726 1734 hac
754 1687 876 1733 arte
902 1675 1208 1732 oblectare.

615 1758 816 1824 Quales
857 1755 1047 1814 debent
1090 1774 1200 1812 esse
1239 1756 1519 1812 cantiones
1558 1767 1613 1811 et
1659 1754 1945 1821 Melodioe,
1986 1754 2047 1810 in
2094 1755 2307 1830 quibus

883 1835 890 1842 ’
1011 1837 1373 1894 adolescemes
1390 1849 1517 1892 sunt
1543 1837 1823 1894 exercendi
1846 1839 1876 1891 Ρ
2254 1903 2273 1908 -

697 1919 990 1986 Quoniam
1017 1919 1190 1976 variae
1219 1926 1356 1974 sunt
1381 1915 1726 1974 differentiae
1750 1905 2193 1976 harmoniarum
2236 1927 2303 1976 et
2478 1873 2480 1972 l

615 1999 1032 2067 Melodiarum,
1061 1999 1381 2059 secundum
1425 2017 1569 2077 quas
1608 2001 1787 2057 etiam
1829 1998 2063 2058 diversis
2100 1997 2303 2059 modis

615 2087 798 2143 animi
827 2085 1182 2143 afficiantur:
1228 2078 1717 2161 quemadmodum
1748 2083 1957 2157 partim
1989 2083 2049 2139 in
2070 2099 2300 2157 praece-

617 2165 792 2223 dente
833 2168 1025 2242 capite
1053 2164 1277 2225 dictum
1316 2174 1441 2221 est:
1487 2164 1701 2239 partim
1732 2165 1909 2221 etiam
1939 2165 1999 2220 in
2028 2166 2299 2239 sequenti

615 2248 808 2321 capite
863 2244 1290 2320 explicabitur:
1367 2239 1499 2302 ide&
1564 2253 1762 2302 monet
1818 2244 2174 2312 Aristoteles,
2231 2246 2307 2305 in

615 2324 898 2397 ejusmodi
927 2324 1106 2383 solum
1130 2325 1499 2381 cantionibus
1526 2334 1585 2381 et
1610 2324 1883 2383 Melodiis
1911 2325 2301 2385 adolescentes

615 2404 969 2465 exercendos
1013 2422 1155 2471 esse,
1197 2421 1331 2480 quae
1374 2404 1682 2463 conferunt
1729 2406 1805 2463 ad
1846 2405 2299 2466 conformandos

615 2487 803 2548 bonos
831 2504 1036 2561 mores,
1061 2495 1120 2544 et
1155 2483 1493 2543 excitandos
1528 2504 1726 2545 eorum
1760 2490 2001 2557 animos,
2028 2486 2099 2545 ad
2124 2506 2301 2547 atno-

618 2587 744 2637 rem
797 2571 1022 2627 virtutis
1071 2576 1132 2625 et
1185 2567 1551 2625 honestarum
1610 2571 1927 2627 actionum.
2012 2566 2307 2629 Praeterea

619 2670 740 2711 non
783 2650 1192 2729 proponendas
1236 2649 1349 2706 illis
1392 2664 1513 2707 esse
1560 2649 1822 2711 difficiles
1870 2655 2189 2719 cantiones,
2236 2654 2304 2710 in

617 2734 830 2809 quibus
859 2736 966 2811 ipsi
1005 2731 1269 2797 artificeS,
1298 2733 1602 2807 propositis
1631 2734 1907 2807 praemii5‚
1938 2736 2084 2791 inter
2111 2752 2170 2791 se
2204 2753 2302 2791 so-

618 2815 748 2875 lent
787 2828 1024 2881 certare,
1067 2816 1304 2891 quinam
1350 2816 1465 2869 sint
1510 2812 1875 2889 perfectiores
1912 2824 1970 2871 et
2012 2824 2303 2891 praestan-

622 2900 796 2955 tiores
826 2898 1073 2955 Musici:
1118 2893 1220 2953 sed
1247 2895 1383 2953 satis
1410 2914 1548 2962 esse,
1579 2898 1626 2952 si
1667 2896 1945 2969 ejusmodi
1991 2888 2305 2955 cantiones

623 2979 762 3054 ipsis
792 2995 1206 3053 proponantur,
1233 2994 1305 3033 ex
1333 2977 1541 3053 quibus
1572 2977 1915 3037 mediocrem
1948 2979 2121 3052 hujus
2158 2982 2307 3039 artis

621 3060 1013 3136 cognitionem
1041 3074 1100 3117 et
1134 3078 1297 3117 usum
1325 3075 1662 3133 comparare
1691 3072 1925 3136 possunt.

627 3140 894 3197 euntibus
918 3138 1281 3197 instrumentis
1306 3144 1391 3196 uti
1418 3142 1605 3197 debent
1633 3145 1692 3197 in
1719 3144 1976 3199 exercitio
2008 3141 2241 3201 Musica
2260 3146 2291 3199 Ρ

324 3237 482 3286 Annon
511 3218 559 3279 >a
707 3222 884 3281 Varia
912 3235 1042 3279 sunt
1087 3227 1463 3279 instrumenta
1496 3223 1819 3289 Musicalia,
1847 3244 1952 3301 per
1980 3242 2135 3300 quae,
2162 3225 2307 3285 cum

323 3332 379 3363 εκ
406 3326 562 3363 wrm
623 3305 711 3387 yel
741 3306 1030 3367 inflantur,
1060 3304 1143 3359 vel
1180 3302 1378 3378 digitis
1408 3303 1726 3379 pulsantur,
1760 3306 2015 3363 Musteus
2043 3325 2310 3365 concen-

325 3406 603 3449 ωποιοις.
625 3397 736 3456 tus,
764 3386 838 3445 ad
869 3384 1242 3443 oblectandos
1286 3397 1345 3440 et
1384 3386 1827 3445 commovendos
1857 3390 2081 3447 animos
2108 3386 2309 3458 homi-

624 3488 791 3539 num,
819 3469 1082 3527 elicitur:
1127 3467 1303 3526 veluti
1331 3481 1466 3525 sunt
1494 3466 1667 3537 tubae,
1696 3470 1876 3537 tibiae,
1895 3470 2135 3538 fistulae,
2152 3467 2312 3533 bxuc..

627 3554 797 3621 cinae,
825 3552 974 3624 litui,
1002 3569 1234 3627 organa,
1272 3558 1445 3619 utres,
1478 3568 1737 3629 ,cornua-z
1782 3551 1922 3611 item
1964 3551 2313 3623 testudines,
