2517 4100
641 287 760 342 ατε
1229 255 1787 350 PonrriconUM

639 459 785 510 λκκ
801 441 1102 512 ὖτοθσπυς·
1125 461 1220 502 ω’
1243 443 1332 504 'm
1344 471 1439 506 *rm
1462 445 1581 506 08⁶9
1600 451 1775 522 ὅμοιως
1794 441 1987 523 ὂχὲἇιι·
2014 443 2337 520 Contingit

638 544 701 584 n.
739 527 1038 586 rationem-
1060 521 1329 588 aberrare
1358 529 1431 588 ab
1460 532 1689 608 optima
1712 529 2129 606 suppositione,
2158 535 2225 584 et
2244 529 2329 584 si-

637 607 806 667 miles
824 627 930 687 per
954 629 1144 670 mores
1165 609 1322 670 duci.

1041 693 1198 752 Unde
1206 696 1537 765 faciendum
1554 708 1633 754 est
1658 695 1879 752 initium
1897 696 1928 749 Ρ

721 773 1228 836 Quemadmodum
1266 786 1473 837 natura
1512 780 1575 836 in
1610 777 1977 855 generatione
2006 791 2199 832 rerum
2247 770 2331 829 ab

635 857 992 936 imperfectis
1036 858 1178 918 facit
1231 861 1485 931 initium,
1528 869 1591 918 et
1630 857 1819 918 tendit
1858 857 1937 917 ad
1973 855 2329 934 perfectum,

635 949 922 1018 tanquam
948 941 1162 1000 finem=
1209 945 1292 1002 ita
1318 947 1499 1004 etiam
1534 945 1599 1002 in
1626 944 1985 1001 institutione
2013 939 2331 998 hominum

635 1021 738 1082 hie
760 1024 907 1082 ordo
934 1035 1025 1084 est
1042 1026 1390 1086 servandus:
1438 1034 1502 1086 ut
1534 1025 1695 1102 prius
1724 1025 1984 1101 corporis
2010 1039 2201 1080 mores
2226 1021 2331 1076 in-

633 1104 980 1186 formentur,
1001 1106 1180 1184 quam
1209 1111 1477 1168 animus:
1523 1118 1583 1165 et
1610 1109 1901 1185 appetitus
1935 1102 2111 1183 prius,
2140 1099 2329 1178 quam

633 1187 806 1246 ratio.
873 1188 1074 1266 Atque
1099 1191 1258 1248 hune
1287 1190 1553 1250 ordinem
1582 1191 1771 1266 ipsam
1797 1199 2061 1247 naturam
2084 1182 2328 1262 quoque

635 1268 700 1326 in
729 1269 986 1330 hominis
1013 1273 1385 1351 generatione
1420 1290 1680 1331 servare:
1725 1291 1841 1330 non
1882 1269 2069 1330 solum
2108 1266 2331 1325 autho-

635 1351 812 1410 ritate
860 1357 920 1410 et
969 1356 1303 1414 testimonio
1356 1355 1742 1434 physicorum
1796 1362 1857 1412 et
1910 1351 2283 1411 Medicorum
2306 1367 2325 1405 t

638 1433 836 1492 verdm
863 1437 1042 1496 etiam
1064 1438 1140 1496 ab
1163 1441 1291 1514 ipsa
1316 1440 1675 1517 experientia
1698 1436 2077 1496 demonstrari
2099 1443 2291 1510 potest
2304 1450 2323 1488 ε

637 1513 910 1575 videlicet
948 1542 1008 1578 το
1045 1543 1199 1596 σαμε
1237 1545 1469 1601 apo-neor
1508 1545 1571 1600 τῃ
1611 1544 1791 1591 ymem
1826 1543 1914 1584 της
1948 1518 2147 1592 ψυχης.
2184 1533 2328 1572 cot-

637 1615 751 1675 pus
787 1601 850 1656 in
884 1609 1050 1659 utero
1085 1613 1350 1662 materno
1383 1603 1547 1678 prius
1580 1601 1830 1668 formari,
1868 1607 2183 1673 antequam
2222 1614 2327 1654 ac-

599 1754 606 1764 ,
639 1680 824 1757 cipiat
858 1684 1154 1744 animam:
1201 1696 1263 1743 et
1288 1686 1579 1761 appetitus
1606 1690 1777 1758 atque
1807 1680 2118 1738 affectuum
2148 1679 2331 1755 signa

637 1762 802 1839 prius
841 1764 902 1820 in
934 1765 1254 1825 infantibus
1280 1783 1479 1824 recens
1504 1764 1654 1822 natis
1688 1780 1988 1838 apparere,
2017 1777 2197 1836 quam
2226 1779 2333 1818 ra-

640 1844 884 1913 tionem,
911 1857 1155 1924 λογισμος
1172 1846 1221 1907 δὶ
1242 1871 1332 1905 nae
1354 1852 1379 1902 ὃ
1412 1869 1489 1909 ,ες
1512 1865 1740 1922 &posnan
1757 1839 2047 1914 mmo-Sus
2073 1853 2329 1914 σεφωιυ·

639 1927 730 1986 At
775 1929 924 1986 ratio
965 1936 1026 1986 et
1072 1946 1254 1996 mens,
1302 1925 1651 2005 procedente
1690 1933 1877 1992 aetate,
1930 1925 1991 1982 in
2041 1922 2155 1980 illis
2194 1920 2326 1978 fieri

640 2017 800 2069 natae
823 2021 980 2081 sunt,
1005 2011 1168 2085 cujus
1193 2009 1415 2071 indicia
1440 2005 1565 2068 sero
1597 2003 1912 2066 admodum
1946 2003 2324 2081 conspiciun-

639 2100 757 2151 tur.
846 2094 1004 2151 Hinc
1038 2092 1178 2170 erg&
1211 2097 1293 2153 sic
1336 2100 1804 2172 argumentatur:
1850 2088 2021 2149 Quod
2057 2097 2324 2163 tempore

637 2174 803 2247 prius
823 2183 928 2239 est,
959 2173 1105 2231 illud
1141 2180 1317 2245 etiam
1349 2179 1509 2250 prius
1535 2176 1597 2230 in
1625 2172 1858 2230 homine
1884 2183 1973 2229 est
2000 2168 2323 2230 informan-

638 2250 803 2310 dum.
885 2251 998 2309 Sed
1032 2271 1244 2331 corpus
1285 2258 1447 2332 prius
1486 2265 1573 2311 est
1618 2256 1855 2311 animo:
1914 2262 1974 2310 et
2026 2252 2319 2329 appetitus

635 2334 800 2409 prior
833 2340 921 2389 est
945 2334 1186 2390 ratione.
1270 2333 1429 2410 Ergd
1455 2352 1665 2414 corpus
1698 2334 1855 2412 prius
1882 2344 1969 2393 est
1998 2335 2319 2393 informan-

638 2412 784 2473 dum
829 2414 1103 2483 moribus,
1129 2424 1443 2491 antequam
1488 2416 1717 2473 animus
1751 2418 1826 2473 sit
1860 2416 2163 2474 virtutibus
2200 2417 2319 2471 im·

639 2494 928 2557 buendus.
974 2515 980 2521 ·
1017 2497 1144 2555 Hoc
1181 2499 1377 2575 ipsum
1400 2499 1577 2557 etiam
1604 2498 1665 2557 in
1697 2498 1815 2555 fine
1848 2499 2181 2557 Ethicorum
2208 2494 2320 2552 de-

643 2582 827 2640 clarat
873 2580 1146 2657 exemplo
1197 2582 1388 2651 simili,
1433 2583 1494 2639 in
1544 2598 1661 2656 quo
1709 2581 1969 2639 animum
2016 2586 2321 2654 comparat

643 2682 802 2741 agr0,
823 2663 944 2741 qui,
965 2671 1278 2741 antequam
1304 2682 1505 2722 semen
1532 2663 1841 2735 injiciatur,
1865 2663 2023 2739 prius
2048 2661 2315 2736 diligenti

642 2742 872 2807 cultura
891 2743 1306 2823 proeparandus
1324 2755 1413 2805 est
1436 2767 1451 2805 ε
1496 2754 1565 2802 ut
1590 2742 1666 2803 ad
1684 2744 2094 2825 excipiendum
2118 2758 2319 2801 semen

641 2831 924 2889 efficiatur
947 2827 1207 2887 idoneus.

624 2911 634 2919 ⁹
1351 2920 1609 2988 Πορισμαξ

725 2986 882 3065 Ergo
933 2990 1190 3067 corporis
1249 2988 1495 3059 cultura,
1523 2990 1733 3061 ¹animi
1800 2990 2085 3049 culturam
2138 2986 2316 3064 debet

643 3069 995 3147 praecedere,
1022 3080 1083 3129 et
1123 3071 1304 3128 animi
1345 3070 1523 3129 causa
1562 3071 1928 3149 suscipienda
1966 3082 2089 3131 est:
2134 3088 2315 3149 appe·

641 3154 780 3211 titus
807 3160 1000 3211 autem
1028 3170 1230 3211 curam
1270 3154 1482 3211 mentis
1522 3153 1695 3211 causa
1736 3155 2025 3231 suscipere
2066 3160 2313 3231 oportet,

639 3252 890 3311 eumque
929 3234 1297 3300 assuefacere,
1326 3246 1393 3293 ut
1418 3232 1607 3295 discat
1631 3238 1846 3295 rationi
1884 3236 2137 3295 obedire.
2224 3235 2313 3291 Si·-

641 3315 881 3395 quidem
921 3312 1148 3377 animus
1194 3326 1460 3394 respectu
1508 3320 1767 3396 corporis
1810 3320 1990 3379 habet
2033 3319 2314 3377 rationem

641 3398 806 3459 finis:
852 3396 1345 3479 quemadmodum
1385 3402 1561 3460 etiam
1603 3420 1785 3473 mens,
1828 3412 2089 3479 respectu
2134 3418 2311 3477 appe-

643 3482 799 3543 titus.
884 3482 1114 3542 Etenim
1155 3501 1369 3561 corpus
1409 3484 1630 3543 homini
1672 3483 1873 3543 datum
1912 3495 2016 3555 est,
2060 3482 2313 3561 primum

641 3577 709 3625 ut
756 3568 982 3629 animus
1020 3566 1238 3627 ‚habeat
1277 3564 1575 3647 quoddam
1618 3569 1783 3647 quasi
1825 3566 2209 3637 domicilium,
2249 3567 2311 3625 in
