2517 4100
644 256 767 311 sm
1056 321 1060 329 ,
1130 222 1830 311 OEcouomcosum

640 413 823 483 nalia,
860 428 1113 491 quaeque
1152 414 1606 493 producerentur
1645 434 1718 473 ex
1765 412 1988 493 praeda,
2027 434 2318 479 mercare-

640 504 753 565 tur,
784 495 1229 575 quibuscunque
1263 509 1457 561 autem
1499 515 1679 557 oereus
1717 499 1854 575 ipsis
1889 498 2314 576 relinqueretur

636 596 920 637 nummus
946 580 988 637 ii
1018 588 1084 638 ut
1106 580 1266 667 hunc
1308 579 1382 639 ad
1407 598 1468 637 se
1505 578 1803 651 referrent,
1829 590 1891 639 et
1915 600 2027 659 pro
2055 602 2188 655 aere,
2213 603 2310 643 ar-

564 671 573 683 '
633 662 799 741 genti
828 661 1175 721 tantundem
1202 664 1555 738 acciperent.

723 740 889 801 Idem
916 743 1071 820 apud
1100 744 1420 805 Corciiram
1440 742 1663 807 bellum
1691 762 1898 821 gerens
1923 744 2310 825 laboransque

632 826 855 901 inopis,
881 820 1165 883 niilitibus
1196 824 1557 903 stipendium
1595 826 2010 901 flagitantibus,
2034 848 2148 889 nec
2178 830 2308 903 jam

628 908 744 981 ipsi
768 904 949 965 fidem
974 906 1326 967 habentibus
1365 906 1469 967 sed
1493 909 1900 969 minitantibus
1922 930 1984 969 se
2011 910 2086 969 ad
2109 912 2307 971 hostes

627 989 992 1057 transituros,
1008 992 1356 1049 concionem
1375 989 1692 1059 advocavit,
1714 991 1977 1068 dixitque
2003 1002 2310 1069 argentum

624 1080 871 1149 propter
897 1070 1159 1131 adversas
1185 1082 1556 1149 tempestates
1592 1072 1669 1133 ad
1695 1094 1756 1133 se
1791 1074 1926 1133 ferri
1965 1078 2308 1154 nequivisse.

625 1151 745 1215 Sed
773 1152 935 1231 quod
959 1164 1132 1215 antea
1156 1156 1270 1215 illis
1293 1159 1472 1219 trium
1499 1158 1787 1217 mensium
1814 1156 2171 1235 stipendium
2197 1156 2302 1215 de-

626 1232 827 1313 disset,
848 1236 963 1295 hoc
990 1258 1053 1299 se
1079 1256 1239 1299 nunc
1269 1239 1381 1298 illis
1403 1236 1652 1313 impune
1675 1241 1969 1318 gratisque
1989 1243 2302 1310 remittere,

624 1324 858 1379 tantam
892 1321 1002 1378 sibi
1039 1322 1162 1395 ejus
1205 1323 1441 1398 copiam
1484 1320 1698 1381 adesse.
1783 1322 1988 1401 Itaque
2029 1323 2305 1403 suspicati

622 1400 843 1461 milites
881 1420 1186 1479 nunquam
1223 1404 1392 1468 illum
1432 1413 1659 1465 tantam
1703 1408 1970 1485 pecuniae
2011 1424 2302 1467 summam

620 1480 747 1543 tam
790 1484 1035 1563 prodige
1078 1487 1479 1564 elargitumm,
1519 1488 1633 1550 nisi
1677 1507 1875 1549 revera
1915 1489 1980 1547 in
2027 1496 2304 1565 expecta-

621 1567 783 1626 tione
808 1568 1052 1628 haberet
1078 1588 1222 1647 quas
1250 1568 1486 1631 dicebat
1514 1573 1816 1649 pecunias,
1845 1572 2112 1647 quievere
2137 1578 2301 1650 post-

614 1644 753 1717 hac.
788 1668 906 1725 nec
945 1652 1321 1729 efflagitanda
1363 1652 1637 1716 mercede
1681 1653 2030 1713 molestiores
2068 1653 2122 1711 ei
2169 1652 2301 1709 sue-

615 1737 778 1799 runt,
824 1730 1013 1793 donec
1066 1736 1165 1795 ille
1215 1737 1398 1813 gessit
1449 1755 1586 1813 quae
1629 1737 1824 1796 voluit.
1908 1734 2047 1793 Post
2098 1744 2300 1792 autem

618 1808 763 1892 dum
808 1813 1053 1876 Samum
1104 1817 1353 1886 obsidet,
1399 1819 1620 1877 fructus
1671 1835 1890 1884 omnes,
1939 1832 2301 1891 omnemque

617 1912 695 1955 ex
724 1898 885 1975 agris
922 1910 1270 1977 proventum
1311 1900 1520 1959 Samiis
1557 1900 1700 1977 ipsis
1725 1893 2004 1957 vendidit.
2087 1899 2178 1956 lta
2217 1895 2301 1957 ad

612 1978 947 2041 mercedem
974 1984 1259 2045 militibus
1285 1981 1618 2043 solvendam
1645 1982 1912 2061 pecuniis
1939 1979 2276 2043 abundavit.

642 2093 646 2098 ,
699 2062 866 2124 ld'em
894 2085 1079 2144 quum
1108 2087 1304 2127 rerum
1337 2087 1472 2146 quae
1511 2066 1588 2127 ad
1613 2065 1922 2125 vivendum
1956 2066 2298 2125 necessariae

614 2157 770 2219 sunt,
800 2149 863 2207 in
904 2151 1109 2218 castris
1134 2152 1444 2230 penuriam
1485 2160 1767 2215 cerneret,
1800 2158 2042 2225 propter
2069 2167 2168 2206 eos
2193 2147 2299 2224 qui

612 2230 1024 2304 adveniebant,
1053 2235 1338 2314 quicquid
1364 2234 1540 2294 tritici
1570 2233 1769 2290 venale
1808 2229 2150 2290 babendum
2173 2237 2304 2288 erat

610 2315 831 2376 melete
869 2319 1089 2376 vetuit:
1141 2339 1251 2376 nec
1302 2316 1460 2373 idem
1508 2312 1838 2373 dimensum
1883 2312 2128 2378 vendene
2169 2329 2303 2382 me,-

617 2395 823 2457 dimno
861 2399 1094 2456 minus:
1148 2408 1338 2469 neque
1378 2390 1538 2480 idftm
1580 2388 1654 2446 de
1695 2393 2021 2466 liquoribus
2061 2407 2304 2470 partem

612 2480 800 2538 ullam
840 2494 913 2536 ea
945 2494 1215 2537 mensura
1259 2475 1562 2540 minorem,
1597 2489 1718 2546 qua
1759 2470 1993 2550 proprie
2031 2485 2303 2537 metretoe

616 2570 875 2622 vocatur.
971 2561 1125 2636 Ergo
1178 2558 1438 2634 ipsorum
1489 2553 1764 2614 ordinum
1823 2553 2020 2624 duces,
2073 2561 2302 2637 quique

608 2643 933 2722 manipulis
974 2648 1281 2718 praeerant,
1307 2657 1443 2716 quoe
1481 2639 1794 2696 acervatim
1821 2648 2098 2716 congesta
2132 2661 2298 2700 eme·-

610 2736 771 2798 rant,
810 2746 881 2785 ea
921 2724 1257 2783 minutatim
1304 2731 1508 2800 postea
1543 2720 1827 2780 militibus
1865 2720 2302 2787 distribuebant

614 2818 679 2880 et
717 2810 819 2889 qui
844 2803 1200 2876 venitabant,
1220 2825 1424 2866 secum
1465 2803 1748 2872 ferebant,
1788 2821 1924 2881 quae
1965 2809 2296 2868 necessaria

616 2892 729 2951 sibi
754 2898 1026 2971 putarent
1054 2888 1131 2947 ad
1151 2891 1384 2960 victum,
1407 2889 1508 2967 qui
1537 2885 1747 2946 deinde
1775 2887 2056 2946 abeuntes
2077 2887 2296 2947 vende-

612 2973 780 3046 bant,
802 2977 847 3034 si
878 2971 1021 3055 quid
1044 2972 1258 3032 residui
1288 2975 1428 3049 ipsis
1449 2970 1630 3029 foret:
1675 2988 1748 3030 ex
1773 2989 1890 3048 quo
1918 2969 1978 3028 id
2004 2973 2193 3031 evenit
2219 2981 2294 3030 ut

614 3058 833 3120 milites
858 3061 1015 3117 victu
1040 3054 1422 3116 abundarent.

1401 3141 1501 3192 24.
1725 3176 1738 3209 ,

698 3218 941 3282 Didales
970 3220 1159 3288 Persa,
1187 3235 1368 3295 quum
1404 3215 1646 3276 haberet
1683 3215 1914 3286 milites,
1939 3235 2013 3274 ea
2044 3214 2294 3294 quidem

617 3321 754 3384 quoe
794 3299 869 3360 ad
908 3299 1311 3380 quotidianum
1345 3301 1559 3358 victum
1597 3301 1920 3359 necessaria
1959 3307 2143 3367 erant,
2169 3300 2294 3358 illis

616 3406 693 3446 ex
726 3383 922 3443 hostili
956 3392 1110 3442 terra
1148 3379 1577 3460 suppeditabat,
1603 3381 1708 3440 sed
1733 3399 1916 3457 quum
1958 3381 2032 3439 ab
2071 3379 2290 3441 iisdem

614 3465 901 3526 militibus
938 3477 1149 3525 numus·
1172 3465 1548 3542 flagitaretur,
1573 3482 1687 3523 nec
1714 3463 1954 3524 baberet
1979 3462 2138 3523 unde
2163 3463 2293 3521 dis·

612 3548 873 3620 solveret,
906 3551 1151 3628 jamque
1193 3545 1545 3610 dissolvendi
1590 3557 1823 3626 tempus
1875 3543 2114 3616 adesset,
2161 3543 2290 3606 tale
