2517 4100
631 298 755 373 ³42
1116 288 1812 354 OEcoNofflooRUM

633 452 779 515 vero
804 452 1165 513 frumentum
1210 461 1316 511 aut
1354 452 1682 514 vendebant
1725 466 1826 515 aut
1855 454 2156 523 emebant,
2195 452 2304 513 hos

634 539 789 596 ultra
815 538 1069 613 pretium
1097 540 1288 615 ipsum
1315 538 1548 595 obolum
1590 556 1774 597 unum
1800 536 2057 616 pendere
2091 540 2153 595 in
2180 538 2307 594 sin·

636 620 803 697 gulas
829 638 1127 682 mensuras
1158 621 1343 694 jussit.
1423 617 1519 677 Ad
1547 618 1675 677 haec
1717 622 1780 679 in
1819 621 2042 699 singula
2071 620 2306 697 navigia

632 702 1009 779 singulasque
1058 704 1331 767 officinas,
1376 702 1602 779 aliaque
1651 704 1790 761 item
1845 702 2088 782 quodvis
2141 701 2305 761 aliud

636 784 855 863 opificii
896 802 1076 857 genus
1118 782 1502 859 praeferentia,
1543 782 1834 843 decimam
1878 787 2074 864 >operis
2111 783 2305 845 effecti

628 875 857 946 partem
890 865 1088 923 tributi
1111 861 1246 921 'loeo
1272 863 1606 923 solvendam
1632 867 1953 943 imperavit.

720 946 905 1013 Idem,
932 956 1093 1004 extra
1112 945 1257 1003 fines
1285 944 1560 1005 duntur-us
1585 953 1923 1019 exercitum,
1943 951 2110 1024 jussit
2127 946 2304 1028 quid·

637 1028 789 1107 quid-
828 1028 903 1086 ab
952 1046 1308 1103 unoquoque
1353 1049 1469 1087 non
1508 1031 1722 1105 sig-nati
1765 1036 1988 1110 argenti
2036 1040 2134 1089 aut
2175 1031 2308 1089 auri

631 1110 1046 1191 possideretur,
1076 1113 1138 1170 id
1164 1111 1201 1172 a
1226 1113 1470 1189 singulis
1505 1112 1579 1169 ad
1609 1114 1772 1172 iilum
1813 1116 2052 1173 allatum
2087 1132 2306 1190 reprae·

640 1198 874 1255 sentari.
957 1196 1151 1255 Quum
1200 1202 1391 1251 autem
1425 1214 1617 1271 -quam
1672 1198 1910 1275 plurimi
1963 1196 2306 1261 attulissent,

637 1286 883 1355 argento
926 1277 1164 1353 quidem
1204 1278 1328 1353 ipse
1370 1279 1453 1335 uti
1498 1278 1664 1337 illum
1694 1281 1885 1354 jussit,
1911 1299 2008 1337 eos
2033 1296 2168 1337 vero
2203 1278 2308 1355 qui

642 1359 791 1417 illud
830 1357 1139 1429 dedissent,
1174 1358 1574 1424 commendari
1617 1364 1852 1421 navium
1894 1360 2204 1440 praefectis,
2243 1368 2312 1417 ut

642 1442 737 1501 his
763 1443 849 1502 illi
874 1462 948 1501 ex
963 1442 1203 1501 »tributis
1229 1442 1640 1502 satisfacerent.
1735 1516 1742 1523 ‘

1424 1530 1526 1581 26.

728 1606 1055 1684 Iphicrates
1082 1606 1472 1675 Atheniensis,
1501 1624 1684 1681 quum
1709 1606 1888 1669 cotiis
1914 1607 2183 1665 militiam
2211 1624 2312 1664 co-

642 1690 870 1763 egisset,
898 1690 951 1747 ei
989 1692 1266 1765 pecunias
1303 1688 1698 1765 suppeditavit
1736 1689 1811 1747 ad
1849 1690 2005 1747 hunc
2046 1686 2313 1747 modum.

640 1771 827 1829 ‚Iussit
852 1766 1137 1847 imperare
1152 1770 1490 1829 hominibus
1517 1774 1626 1849 qui·
1661 1771 1766 1829 sub
1794 1772 2036 1848 imperio
2071 1789 2174 1827 suo
2213 1787 2312 1825 es-

644 1855 909 1919 sent,·uti
952 1859 1180 1909 tantum
1217 1854 1332 1909 sibi
1372 1863 1538 1911 terrae
1577 1855 1791 1930 singuli
1827 1864 2079 1909 sererent
2116 1868 2316 1927 quan-

644 1944 774 1993 tum
822 1945 985 1993 terna
1029 1932 1330 1993 medimna
1377 1944 1627 2011 caperetf
1713 1936 1844 1995 Quo
1881 1933 2054 2003 facto,
2095 1948 2316 2009 magna

647 2016 925 2078 frumenti
970 2018 1141 2096 copia
1179 2027 1383 2076 coacta
1429 2029 1536 2076 est.
1619 2018 1750 2078 Hoc
1795 2018 1892 2076 ille
1932 2015 2008 2076 ad
2039 2015 2171 2074 loca
2211 2014 2314 2072 uhi

651 2094 940 2161 mercatus
994 2110 1301 2176 agerentur
1352 2101 1590 2158 missum
1645 2099 2026 2160 subvendidit.
2107 2099 2316 2175 Itaque

619 2185 917 2260 ‘pecuniis
945 2180 1278 2240 abundavit.

1435 2271 1536 2322 2⁷.

728 2341 911 2397 Cotiis
941 2343 1138 2398 Thrax
1176 2341 1425 2414 cogendi
1466 2344 1753 2402 exercitus
1793 2362 1967 2402 causa
2005 2343 2319 2404 mutuaba-

648 2419 807 2480 tur-a
831 2418 1138 2478 Perinthiis
1164 2422 1459 2494 pecunias.
1542 2421 1820 2480 Perinthii
1859 2435 2054 2481 autem
2093 2445 2192 2482 eas
2223 2426 2335 2484 illi·-

650 2523 773 2562 non
799 2500 1038 2560 dabant.
1121 2499 1436 2558 Postulavit
1461 2497 1600 2577 ergo
1637 2509 1703 2558 ut
1729 2497 1764 2558 ἑ
1788 2501 2008 2559 civibus
2049 2506 2164 2562 suis
2197 2508 2326 2566 sal-

652 2595 776 2646 tem
816 2585 1041 2660 aliquos
1078 2582 1286 2641 darent
1329 2585 1389 2641 in
1418 2577 1786 2661 quorundam
1819 2583 2084 2644 locorum
2115 2598 2322 2647 eusto-

544 2732 548 2738 ,
654 2667 817 2730 diam
840 2676 906 2726 ut
938 2668 1063 2743 ipse
1101 2666 1334 2724 interim
1378 2667 1617 2742 iis.quos
1643 2676 1781 2724 tunc
1809 2667 1870 2724 in
1898 2667 2184 2742 praesidiis
2209 2671 2322 2728 ha-

652 2750 847 2818 bebat,
874 2748 1173 2816 militibus,
1197 2747 1432 2806 liberius
1470 2750 1554 2806 uti
1579 2760 1790 2826 posset.
1869 2749 2021 2807 Tum
2046 2749 2180 2810 vero
2207 2752 2325 2811 Pe-

652 2832 874 2898 rinthii,
903 2849 963 2887 se
1002 2829 1270 2890 dominos
1315 2830 1572 2888 locorum
1611 2831 1834 2890 futuros
1871 2834 1984 2889 rati
2019 2831 2052 2892 ὂ
2083 2836 2326 2912 vestigio

654 2911 813 2990 quod
844 2913 1219 2988 jubebantur,
1243 2910 1448 2970 fecere.
1531 2913 1612 2971 At
1653 2915 1835 2971 Cotiis
1875 2930 1970 2971 eos
2015 2917 2116 2989 qui
2156 2919 2326 2976 missi

642 2995 901 3064 fuerant,
928 2997 1035 3054 sub
1062 2993 1325 3052 custodia
1353 2990 1660 3054 asservatos
1693 2997 1942 3071 retinuit.
2023 2991 2325 3076 suasitque

646 3076 729 3134 -ad
758 3097 818 3134 se
844 3079 999 3170 mitti
1025 3081 1221 3136 mutuo
1242 3081 1554 3156 pecuniam
1581 3081 1845 3155 petitam,
1865 3086 1927 3136 et
1954 3077 2036 3138 ita
2061 3082 2322 3158 recipere

656 3177 788 3216 suos
812 3177 981 3217 cives.
2099 3179 2103 3183 ’

740 3321 1004 3406 Mentor,¹
1026 3321 1178 3380 filius
1214 3311 1398 3399 quum
1427 3247 1730 3386 {aigei-miani
1765 3325 2325 3404 comprehendisset,

646 3405 890 3484 jamque
926 3405 1051 3479 ejus
1090 3404 1219 3463 loca
1263 3403 1572 3474 obtineret,
1607 3418 1898 3467 curatores
1941 3429 2325 3489 quoscunque

658 3487 929 3548 Hermias
968 3490 1091 3564 ipse
1115 3486 1469 3564 praefecerat,
1495 3489 1612 3554 suis
1648 3509 1890 3566 praeesse
1933 3494 1994 3550 in
2024 3493 2166 3552 locis
2193 3495 2326 3569 jus-

656 3570 749 3626 sit.
831 3569 950 3628 Ubi
986 3567 1125 3628 vero
1177 3573 1376 3630 >animo
1429 3571 1752 3632 confirm-ati
1803 3582 1940 3634 sunt
1985 3593 2208 3645 omnes,
2255 3589 2327 3636 et

656 3647 815 3726 quod
838 3655 1001 3728 prius
1025 3650 1183 3730 apud
1208 3670 1270 3710 se
1296 3653 1634 3721 habuerant,
1663 3674 1781 3714 non
1809 3655 2061 3736 amplius
2085 3667 2188 3717 aut
2209 3675 2322 3717 oc-
