2517 4100
766 354 771 361 .
870 287 1108 355 LIBER
1147 287 1225 355 11.
1289 274 1296 289 '
1762 296 1882 353 337

215 472 288 516 eo
330 464 593 537 tempore
632 458 759 519 auri
800 454 1104 526 haberent,
1131 463 1201 515 ut
1237 452 1612 515 commodata
1645 456 1890 519 civitati.

214 540 545 601 Constituta
584 541 765 601 etiam
803 543 1025 620 argenti
1051 554 1283 599 summa
1309 554 1443 617 quoe
1467 550 1888 611 numeraretur,

213 626 621 701 permiserunt,
648 633 711 683 ut
741 625 800 683 in
826 625 1031 703 templi
1072 622 1362 682 columnis
1385 636 1619 681 nomen
1632 622 1755 697 ejus
1781 626 1888 701 qui

216 716 524 783 argentum
565 706 713 767 illud
747 716 1122 777 numerasset,
1149 713 1433 783 tanquam
1459 705 1582 781 ejus
1610 706 1713 783 qui
1740 702 1892 765 illud

213 799 623 859 consecrasset,
648 790 1118 869 perscriberetur.

999 879 1100 929 20.

294 954 612 1051 Dionysius
654 954 993 1033 Syracusius
1034 951 1334 1013 cumulare
1364 952 1647 1033 pecunias
1672 950 1890 1023 volens,

212 1039 497 1095 concione
526 1036 826 1104 advocata,
858 1032 1047 1094 dixit.
1092 1037 1276 1095 visam
1315 1035 1427 1094 sibi
1456 1035 1730 1094 Cererem
1768 1054 1890 1099 esse

203 1114 513 1191 jubentem
553 1116 840 1178 mundum
878 1118 1226 1178 muliebrem
1267 1121 1330 1177 in
1353 1115 1560 1177 fanum
1587 1136 1756 1175 suum
1785 1115 1918 1195 deff

214 1198 387 1259 ferri:
454 1216 523 1259 ac
578 1218 639 1259 se
695 1198 933 1279 quidem
989 1200 1103 1259 hoc
1128 1236 1133 1242 ·
1160 1198 1234 1259 de
1288 1217 1523 1261 suarum
1564 1200 1890 1259 mulierum

217 1280 443 1340 mundo
494 1282 717 1355 fecisse,
766 1283 1057 1361 postulare
1110 1286 1290 1361 igitur
1344 1284 1420 1341 ab
1473 1282 1601 1341 aliis
1657 1300 1890 1359 quoque

215 1361 377 1423 idem
418 1365 599 1433 fieret,
638 1386 714 1425 ne
755 1368 882 1427 Dea
924 1368 1306 1426 irasceretur:
1359 1366 1622 1443 quinon
1660 1362 1894 1433 fecisset

212 1464 352 1504 eum
377 1448 662 1525 sacrilegii
692 1464 855 1509 reum
886 1448 1311 1525 pronunciavit.
1389 1450 1656 1525 Cumque
1685 1464 1890 1505 omnes

184 1546 349 1604 ,quse
404 1530 718 1600 habebant,
774 1532 1122 1606 attulissent,
1176 1541 1237 1591 et
1289 1538 1532 1608 propter
1587 1530 1776 1589 Deam
1829 1538 1891 1587 et

210 1620 453 1687 propter
478 1613 664 1681 illum,
693 1632 755 1673 re
798 1614 1011 1686 divina,
1039 1612 1195 1673 facta
1236 1614 1475 1672 abstulit
1500 1611 1791 1671 mundum
1821 1610 1890 1669 il-

208 1690 357 1761 lum,
408 1704 689 1773 tanquam
742 1696 1183 1764 commodatum
1234 1696 1311 1754 ab
1365 1697 1494 1773 ipsa
1540 1696 1688 1755 Dea.
1771 1694 1890 1753 Ubi

204 1770 344 1831 vero
368 1780 647 1854 temporis
687 1778 911 1855 aliquid
950 1780 1341 1857 praeteriisset,
1371 1787 1430 1835 et
1468 1778 1738 1836 mulieres
1781 1778 1888 1833 ite-

208 1872 341 1912 rum
368 1867 601 1915 ornatus
628 1859 862 1928 ferrent,
891 1862 1112 1918 edixit:
1156 1870 1221 1917 ut
1247 1876 1382 1935 quae
1415 1877 1622 1916 aurum
1664 1864 1890 1933 gestare

208 1936 399 2006 vellet,
448 1957 519 1996 ea
568 1939 629 1996 in
679 1942 904 2017 templo
961 1940 1121 2019 quod
1168 1942 1320 1998 tanti
1371 1947 1522 2003 esset
1574 1937 1923 2010 dedicare&

209 2018 623 2080 AEdificaturus
676 2025 936 2080 triremes
988 2020 1211 2081 sciebat
1267 2022 1518 2100 pecunia
1571 2021 1683 2079 sibi
1740 2038 1890 2098 opus

208 2101 374 2162 fore:
419 2105 707 2162 concione
739 2106 922 2180 igitur
941 2104 1240 2172 advocata,
1262 2102 1427 2181 prodi
1459 2101 1757 2180 quandam
1789 2122 1888 2162 ur-

206 2183 346 2242 bem
377 2184 524 2243 dixit
549 2196 609 2244 et
650 2185 727 2244 ad
752 2205 885 2245 eam
924 2207 1050 2245 rem
1090 2189 1343 2264 pecunia
1383 2185 1492 2243 sibi
1532 2203 1680 2264 opus
1719 2199 1883 2245 esse·

206 2268 631 2364 postulavitque
652 2275 717 2327 ut
737 2269 952 2346 singuli
974 2273 1127 2328 cives
1154 2269 1484 2328 conferrent
1503 2285 1705 2327 aureos
1725 2266 1891 2327 duos.

208 2349 387 2410 Hanc
412 2355 724 2428 pecuniam
755 2352 834 2410 illi
863 2353 1253 2410 contulerunt.
1336 2344 1540 2427 Spatio
1569 2359 1764 2406 autem
1793 2351 1886 2406 in-

205 2435 479 2508 terposito
499 2432 729 2492 dierum
756 2429 1005 2490 duorum
1031 2436 1277 2486 triumve
1307 2429 1474 2504 quasi
1501 2425 1772 2486 frustrata
1796 2443 1886 2490 res

204 2512 399 2588 ipsum
427 2519 598 2576 esset,
621 2507 969 2567 ‘collaudatis
996 2509 1237 2574 civibus,
1267 2506 1330 2564 id
1372 2509 1623 2565 restituit
1655 2512 1884 2568 unicui..

174 2609 323 2668 'que
351 2588 507 2666 quod
541 2591 905 2648 contulerat:
952 2607 1071 2664 quo
1108 2589 1266 2646 facto
1291 2588 1614 2647 voluntates
1653 2591 1884 2652 illorum

205 2671 317 2730 sibi
355 2671 701 2730 conciliavit.
784 2671 987 2728 Postea
1028 2671 1348 2747 simili.sp'e
1377 2689 1437 2728 se
1465 2690 1586 2729 esse
1613 2683 1885 2750 receptu-

204 2773 318 2825 ros,
368 2757 579 2812 iterum
629 2753 1037 2813 contulerunt:
1100 2755 1417 2828 Dionysius
1473 2763 1667 2811 autem
1721 2753 1882 2830 quod

205 2845 347 2896 tunc
396 2845 717 2914 acceperat,
758 2837 997 2894 retinuit
1044 2833 1121 2892 ad
1168 2835 1492 2894 triremium
1541 2834 1883 2898 aedificatio-

204 2939 364 2978 nem.
446 2921 599 2978 Cum
638 2937 759 2977 non
802 2915 1127 2976 abundaret
1169 2926 1412 2994 argento
1451 2936 1697 2978 numum
1744 2939 1879 2996 per·

205 3003 387 3060 cussit
405 3019 483 3059 ex
502 3012 740 3076 stanno3
772 2999 1160 3077 advocataque
1182 3001 1487 3068 concione,
1503 3001 1728 3076 prolixa
1747 3021 1888 3061 ora--

206 3087 367 3141 tione
394 3101 658 3142 *numum
698 3102 835 3144 eum
880 3082 1332 3142 commendavit.
1413 3083 1702 3160 Syracusii
1743 3083 1878 3144 vero

207 3167 469 3244 quamvis
496 3167 654 3225 inviti
686 3166 845 3224 illum
875 3167 1020 3224 scito
1046 3179 1147 3224 suo
1174 3163 1587 3243 approbarunt,
1607 3175 1668 3224 et
1697 3186 1878 3228 unus·

207 3250 455 3326 quisque
480 3247 737 3328 praetulit
764 3267 822 3306 se
849 3248 1066 3308 habere
1095 3256 1400 3326 argentum
1428 3267 1548 3306 non
1578 3259 1874 3308 stannum.

208 3331 461 3388 Rursum
500 3334 565 3388 in
607 3332 872 3406 pecuniae
912 3332 1123 3408 inopia
1139 3331 1451 3409 postulavit
1487 3329 1524 3389 ἃ
1563 3331 1784 3390 civibus
1811 3339 1878 3390 ut

206 3409 674 3471 contribuerent.
734 3413 945 3492 quibus
986 3415 1335 3492 negantibus
1375 3433 1436 3471 se
1477 3415 1713 3482 habere,
1740 3432 1878 3490 pro-

208 3496 343 3552 tulit
367 3493 636 3553 utensilia
662 3504 722 3554 et
747 3496 989 3566 venalia,
1017 3499 1181 3574 quasi
1208 3515 1315 3574 per
1343 3497 1604 3574 inopiam
1638 3495 1748 3552 hoc
1790 3493 1877 3552 fa·
1902 3487 1910 3495 ’

208 3587 385 3654 cei-et,
436 3579 761 3656 proposuit.
850 3577 997 3639 Hoeo
1052 3597 1190 3637 curn
1244 3579 1542 3660 Syracusii
1596 3585 1878 3650 emerent,
1901 3641 1922 3656 ,

990 3678 1097 3738 08
