2517 4100
583 335 590 344 ι
637 261 758 320 ³24
1089 254 1817 350 ι(ΕοοΝοΜιοοιωΜ
1867 227 1873 234 ’

633 421 694 481 h.
739 441 805 486 e„
845 424 1137 501 optimum
1184 433 1359 501 atque
1404 422 1963 500 proestantissimum,
2008 415 2167 497 quod
2218 428 2318 476 est

633 504 846 564 homo:
895 505 1140 583 proinde
1173 508 1325 564 -servi
1371 517 1505 564 ante
1544 506 1743 562 omnia
1787 503 1957 581 probi
2004 512 2137 560 sunt
2189 515 2315 578 pa-

631 585 827 646 randi.

1025 673 1168 727 Quot
1190 680 1315 726 sunt
1334 687 1537 744 genera
1562 686 1833 724 servorum
1858 672 1889 724 ‚⁹

707 747 875 807 Duo:
929 745 1225 830 Ἐπιτςοι-ος
1265 751 1381 807 sive
1431 747 1794 818 Procurator,
1834 757 1895 804 et
1937 770 2145 825 εςγσιτης
2196 765 2308 804 seu

625 831 932 906 operarius.
1015 829 1125 900 lili,
1161 830 1371 907 quibus
1408 830 1669 889 liberalia
1708 826 2122 888 committenda
2165 829 2311 886 offi-

623 911 717 968 cia
761 911 1128 988 praeparandi
1172 923 1234 970 et
1282 910 1581 971 imbuendi
1630 921 1782 979 sunt,
1826 914 1885 968 αῖ
1930 929 2031 987 γαις
2072 907 2305 967 wadan

623 1013 777 1058 σοιες
805 1013 946 1058 τινας
972 995 1170 1052 ποιεῦσι-ι’
1198 1017 1289 1060 τες
1331 1012 1449 1058 inec·
1488 993 1549 1054 h.
1578 1013 1633 1052 e.
1670 1013 1741 1051 ex
1769 991 2092 1068 disciplinis
2115 1007 2304 1048 novos

623 1072 905 1148 quosdam
951 1074 1180 1133 habitus
1227 1077 1526 1152 accipiunt
1571 1074 2000 1133 adolescentes:
2062 1073 2155 1129 isti
2212 1072 2305 1129 sic

621 1151 873 1214 habendi
901 1153 938 1211 a
964 1157 1236 1227 Domine,
1264 1166 1330 1216 ut
1366 1177 1554 1235 neque
1596 1157 1915 1234 petulantes
1958 1171 2145 1228 neque
2166 1153 2305 1227 *ab-

612 1235 800 1308 jectos
826 1253 946 1294 esse
973 1242 1260 1315 patiatur:
1304 1249 1363 1298 et
1385 1239 1805 1298 liberalioribus
1824 1236 2061 1316 quidem
2081 1235 2309 1302 honor,

623 1319 928 1396 opificibus
967 1318 1098 1380 vero
1143 1321 1306 1380 cibus
1352 1319 1585 1379 abunde
1631 1329 1720 1380 est
1766 1315 2133 1396 praebendus.
2220 1317 2307 1376 Et

623 1401 764 1475 quia
789 1402 907 1458 vini
933 1411 1074 1478 potu
1106 1403 1276 1460 liberi
1316 1405 1495 1461 etiam
1540 1402 1949 1481 petulantiores
1988 1395 2153 1457 reddi
2198 1418 2303 1456 so-

621 1478 761 1551 lent,
802 1484 882 1540 ita
929 1495 994 1541 ut
1038 1484 1193 1561 apud
1233 1486 1495 1542 nationes
1542 1484 1749 1544 multas
1786 1483 2023 1558 ingenui
2067 1478 2139 1536 ab
2192 1481 2301 1538 illo

619 1560 966 1633 abstineant,
1014 1565 1511 1642 quemadmodum
1566 1573 1631 1626 in
1673 1566 1871 1624 castris
1918 1562 2299 1636 Carthagini-

617 1660 800 1780 Ξηεεε,
828 1648 945 1704 vini
991 1657 1090 1705 aut
1130 1649 1280 1708 nihil
1320 1661 1422 1708 aut
1460 1667 1665 1726 parum
1708 1648 1879 1704 servis
1914 1653 1999 1702 est
2035 1645 2301 1720 largien-

664 1741 778 1782 um.
1558 1757 1566 1764 -

705 1810 850 1875 Quot
875 1821 998 1866 mm
1025 1829 1144 1888 quoe
1161 1825 1428 1887 proestare
1456 1813 1726 1868 Dominus
1750 1822 1900 1864 selvo
1927 1795 2143 1882 cogitur
2167 1811 2197 1862 Ρ

698 1889 868 1947 Tria:
915 1915 1064 1968 ιργον,
1090 1907 1303 1956 zonae-⁸5
1330 1917 1415 1964 ηιμ
1442 1906 1621 1972 τςοφη·
1663 1892 1853 1967 Opu8,·
1883 1884 2197 1963 castigatio
2226 1896 2295 1945 et

617 1969 814 2029 Cibus.
895 1971 1072 2032 Cibus
1111 1977 1232 2030 sine
1274 1975 1649 2052 castigatione
1677 1983 1737 2031 et
1763 1989 1937 2048 opere
1963 1967 2155 2028 reddit
2180 1987 2295 2041 pe-

616 2053 934 2113 tulantem:
981 2056 1145 2131 Opus
1185 2050 1319 2112 vero
1361 2065 1420 2112 et
1468 2055 1784 2133 castigatio
1822 2056 1949 2112 sine
1990 2054 2142 2121 cibo,
2166 2054 2295 2109 vio·-

617 2134 776 2197 lenta
802 2156 891 2194 res
915 2144 1004 2193 est
1027 2145 1086 2194 et
1123 2136 1418 2193 infirmum
1460 2128 1637 2194 efficit
1673 2155 1933 2193 servum:
1981 2135 2294 2210 Relinqui-

615 2226 710 2273 tur
733 2213 888 2291 ergo,
917 2222 981 2272 ut
1017 2226 1078 2273 et
1103 2215 1360 2272 laborem
1390 2212 1676 2274 Dominus
1715 2234 1874 2274 servo
1916 2217 2197 2291 injungat,
2228 2225 2298 2273 et

613 2294 956 2351 alimentum
996 2294 1425 2351 subministret:
1470 2291 1704 2366 ἐμισθων
1744 2318 1843 2373 γαρ
1877 2293 1972 2369 ὦχ’
1994 2320 2087 2354 ocor
2113 2314 2168 2353 τε
2196 2319 2301 2375 ag·

609 2397 742 2449 χω,
766 2370 899 2450 δελγ
925 2369 972 2430 3⁴·
999 2368 1183 2446 ’μισθους
1207 2384 1381 2451 τροφῇ·
1420 2372 1481 2429 b.
1509 2389 1560 2429 e.
1599 2372 1871 2449 Namque
1910 2375 1994 2429 fas
2033 2393 2153 2431 non
2195 2385 2298 2435 est

611 2456 735 2512 sine
774 2451 1039 2513 mercede
1088 2450 1414 2534 dominari:
1472 2455 1615 2513 servi
1662 2452 1799 2512 vero
1847 2470 2066 2511 merces
2114 2454 2297 2515 cibus

609 2544 714 2597 est.
2266 2534 2273 2545 ’

625 2617 774 2679 Haec
799 2618 914 2693 (ria
939 2637 1064 2675 num
1089 2618 1207 2677 sine
1233 2613 1547 2674 discrimine
1572 2618 1741 2675 servis
1755 2618 2074 2695 praestanda
2100 2630 2227 2675 sunt
2246 2624 2279 2675 ἓ

695 2700 1116 2777 Nequaquam:
1161 2697 1317 2775 quod
1338 2702 1496 2757 enim
1523 2700 1583 2755 in
1612 2698 1739 2757 aliis
1765 2701 2070 2776 contingit,
2093 2709 2157 2757 nt
2175 2698 2286 2757 de-

611 2780 847 2841 teriores
892 2780 1054 2851 fiant,
1097 2784 1144 2840 si
1194 2798 1305 2839 nec
1354 2781 1684 2839 melioribus
1728 2781 2015 2841 'tribuatur
2056 2781 2285 2851 melius,

611 2882 803 2947 neque
831 2866 1073 2940 proemia
1091 2859 1316 2923 virtutis
1341 2874 1401 2921 et
1421 2862 1542 2920 vitii
1568 2863 1685 2920 sint
1712 2855 2036 2940 proposita:
2078 2861 2287 2920 itidem

609 2944 678 3001 fit
705 2946 766 3001 in
793 2946 999 3003 servis:
1041 2946 1224 3017 σκεψις
1251 2944 1497 3021 proinde
1534 2962 1633 3001 seu
1658 2943 1925 3003 discretio
1950 2942 2289 3003 adhibenda-

609 3032 716 3093 est,
744 3035 809 3082 ut
849 3022 1267 3085 distribuantur
1291 3045 1358 3085 ac
1400 3025 2024 3104 remittantursingula
2056 3044 2128 3083 ex
2158 3044 2285 3084 me-

607 3105 761 3162 rito:
828 3106 1011 3177 cibus,
1059 3119 1256 3174 vestes,
1306 3110 1469 3185 quies
1520 3117 1581 3165 et
1633 3110 1968 3185 castigatio:
2034 3116 2093 3164 et
2141 3104 2282 3167 cum

607 3185 783 3244 verbo
822 3186 947 3245 tum
987 3208 1161 3268 opere
1190 3190 1411 3249 Medici
1438 3189 1739 3260 imitandi,
1767 3192 1877 3250 nisi
1905 3188 2061 3266 quod
2088 3190 2281 3249 scien-

606 3266 771 3337 dum,
798 3292 875 3327 οτι
915 3270 945 3329 ἦ
986 3284 1136 3352 τροφῇ
1177 3272 1209 3329 ἓ
1250 3284 1509 3351 paginam»
1536 3269 1621 3345 3⁴⁸4
1661 3299 1718 3332 το
1760 3289 1979 3349 συνιχες·
2018 3272 2132 3329 hoc
2174 3281 2283 3343 est,

607 3349 764 3428 quod
802 3350 969 3409 cibus
1011 3352 1497 3415 medicamentum
1540 3373 1660 3413 non
1692 3356 1775 3419 sit
1814 3364 2050 3433 propter
2085 3356 2277 3413 conti-

607 3447 789 3495 nuum
819 3452 1004 3495 usum.
