2517 4100
928 312 1167 376 LIBER
1198 310 1280 375 11.
1867 312 1948 374 *17

270 476 581 549 tineamus,
610 486 710 539 aut
750 476 1103 537 amittamus.
1190 474 1288 535 Ad
1316 472 1621 537 arbitrium
1658 473 1774 535 hoc
1821 476 1950 535 ani·
2041 472 2046 476 ’

270 573 370 615 mo
396 559 665 619 adimus:
712 567 777 620 ut
818 576 1009 636 neque
1048 556 1214 626 nihil,
1240 576 1434 637 neque
1479 568 1727 627 tantum,
1757 564 1947 635 quati-

268 644 395 696 tum
422 642 852 716 postulavimus,
889 656 1335 716 consequamur.
1416 642 1614 717 Atque
1653 638 1793 697 hinc
1838 648 1950 709 est,

271 719 430 795 quod
460 724 521 779 in
540 722 769 796 judicio
798 720 1099 779 arbitrario
1125 722 1472 797 permissum
1499 732 1588 780 est
1623 722 1763 798 ipsis
1789 720 1948 777 arbi-

266 800 373 856 tris
396 800 815 875 κοινολογιισθαι,
846 801 905 859 id
934 810 1039 867 est,
1062 802 1304 859 consilia
1333 803 1482 861 inter
1515 820 1577 861 se
1603 801 1862 861 conferre
1888 812 1951 859 et

266 884 703 942 communicare
726 904 741 941 ε
774 886 834 941 in
842 881 1069 957 judicio
1084 892 1276 939 autem
1295 880 1504 941 forensi
1522 886 1626 941 ista
1642 894 1947 951 :osseae-712,

268 962 637 1022 consiliorum
655 973 715 1021 et
734 966 1145 1022 sententiarum
1174 966 1634 1022 communicatio
1661 961 1834 1039 plane
1859 972 1949 1020 est

266 1042 597 1119 prohibitat
644 1045 742 1104 sed
780 1044 973 1104 Judex
999 1053 1224 1102 tenetur
1256 1045 1600 1121 simpliciter
1625 1042 1946 1103 secundum

268 1122 519 1201 allegata
544 1135 615 1185 et
628 1128 895 1204 probata,
920 1126 1272 1203 litigantiam
1305 1129 1650 1187 sententiam
1683 1142 1941 1203 pronun-

265 1204 427 1263 tiare.

348 1284 543 1345 Tertio
564 1286 936 1361 reprehendit
960 1290 1147 1365 legem
1170 1308 1321 1359 eam,
1350 1290 1467 1368 qua
1485 1289 1687 1349 statuit
1713 1306 1809 1346 eos
1837 1291 1936 1367 qui
1957 1284 2080 1354 ΠΨ
2105 1271 2159 1337 ἶ·

240 1364 520 1443 ·publicae
565 1366 831 1429 utilitatis
874 1370 1056 1448 gratia
1098 1388 1310 1429 novum
1359 1370 1598 1451 aliquod
1639 1371 1938 1429 inventum
1957 1378 2128 1423 *Ἠοῦς
2157 1360 2238 1423 5¹⁸1·-

244 1450 682 1524 ·excogitassent
724 1452 971 1526 praemio
997 1453 1145 1510 affici
1188 1448 1420 1512 debere.
1508 1454 1701 1513 Quam
1747 1450 1934 1527 legem
1953 1456 2246 1517 ew’aessfl·

262 1529 513 1591 affirmat
538 1530 726 1609 prima
761 1530 999 1609 quidem
1025 1532 1172 1591 facie
1205 1549 1330 1590 esse
1358 1530 1677 1608 ιυοφθυίμω
1711 1535 1938 1607 specio-

262 1626 385 1668 sam
411 1630 427 1669 :
474 1610 572 1669 sed
594 1622 788 1669 tamen
818 1632 1015 1673 revera
1052 1614 1468 1691 periculosam:
1513 1616 1769 1691 primum
1800 1617 1942 1691 quia

260 1691 485 1767 praebet
511 1696 877 1752 occasionem
906 1694 1323 1762 calumniandi,
1353 1694 1639 1759 mutandi,
1669 1704 1730 1752 et
1765 1695 1938 1755 abro-

260 1772 442 1849 gandi
469 1783 681 1833 veteres
702 1774 857 1852 leges
882 1796 897 1836 :
944 1786 1225 1853 tanquam
1247 1785 1437 1835 essent
1457 1777 1627 1834 malae
1653 1786 1714 1833 et
1739 1779 1938 1853 perni—

262 1853 455 1913 ciosae.
538 1854 711 1913 Unde
746 1860 922 1916 etiam
964 1859 1245 1935 paulatim
1285 1866 1408 1916 tota
1453 1858 1723 1934 Reipubl.
1749 1855 1940 1917 forma

261 1944 456 2011 potest
482 1938 711 1995 mutari.
754 1934 1028 2014 Ενδιχιτιι
1056 1936 1425 2009 &samque-90⁸⁸
1456 1960 1595 2003 τινας
1622 1962 1771 2011 rofam
1795 1950 1940 1996 λυσιν

261 2040 291 2078 n
330 2024 620 2090 ωλιτιιόις,
666 2020 727 2084 ὣς
765 2042 915 2077 nostor
956 2014 1171 2089 ιγιιθον·
1212 2020 1306 2076 Fit
1345 2024 1537 2074 autem
1587 2026 1648 2075 ut
1697 2014 1938 2096 quidam

260 2095 456 2174 legum
499 2109 600 2156 aut
640 2099 911 2174 Reipubl.
943 2100 1325 2156 mutationem
1374 2102 1646 2168 asserant,
1675 2108 1741 2157 ut
1776 2117 1938 2159 com·
2033 2093 2040 2101 ’

260 2195 439 2236 mune
458 2179 699 2238 bonum.
754 2176 982 2237 Deinde
1012 2181 1148 2256 quia
1186 2181 1314 2239 haec
1352 2181 1445 2237 lex
1485 2190 1677 2238 movet
1703 2181 1763 2238 in
1807 2184 1936 2239 ani·

258 2260 371 2317 mis
398 2260 703 2319 hominum
730 2259 884 2318 hanc
914 2259 1357 2328 dubitationem,
1387 2279 1486 2319 seu
1513 2263 1891 2338 quaestionem
1913 2282 1934 2322 t

257 2350 456 2398 utrum
504 2343 676 2400 liceat
720 2343 986 2418 antiquas
1040 2351 1101 2401 et
1139 2343 1356 2420 patrias
1404 2344 1562 2420 leges
1618 2343 1938 2420 aliquando

258 2423 563 2498 corrigere,
612 2433 853 2492 mutare,
897 2431 994 2481 aut
1042 2443 1276 2500 prorsus
1329 2423 1608 2498 abrogare
1633 2444 1648 2482 ε
1695 2443 1768 2482 ex
1816 2443 1938 2501 qua
1969 2451 1975 2469 ·

258 2501 619 2564 dubitatione
632 2506 954 2586 plurimum
968 2505 1272 2584 frangitur,
1294 2515 1352 2563 et
1368 2505 1724 2564 imminuiter
1737 2505 1935 2582 legum

256 2589 588 2646 auctoritas.
774 2605 777 2612 ·

445 2667 599 2726 Quid
624 2667 943 2726 Aristoteles
970 2668 1040 2726 de
1064 2671 1169 2727 hac
1197 2667 1724 2746 quoestionejudicat
1742 2669 1772 2722 ,θ

339 2747 679 2807 Aristoteles
724 2751 1105 2828 quaestionem
1144 2749 1217 2806 de
1242 2751 1440 2824 legum
1467 2749 1784 2806 mutatione
1811 2744 1931 2804 dis-

255 2837 424 2905 putat
455 2831 517 2886 in
544 2817 851 2910 utramque
872 2841 1096 2905 partem
1121 2829 1468 2888 affirmando
1490 2837 1550 2885 et
1573 2826 1861 2906 negando.
2028 2830 2037 2839 ‘

750 2912 1030 2969 Quomodo
1057 2911 1376 2984 affirmando
1396 2912 1425 2964 ἓ

340 2989 611 3067 Quinque
638 2994 1008 3066 argumentis.
1070 2989 1329 3050 Primum
1360 2990 1433 3048 ab
1461 2990 1728 3066 exemplo
1751 2991 1926 3051 simili
1945 2994 2071 3046 Em·
2092 2984 2143 3046 't

253 3080 589 3130 caeterarum
630 3075 873 3131 artium:
920 3075 969 3130 si
1014 3075 1073 3132 in
1112 3075 1342 3130 caeteris
1380 3073 1600 3130 artibus
1641 3073 1807 3131 licuit
1835 3077 1924 3132 in·
1941 3090 2161 3130 utrem

254 3151 483 3210 terdum
541 3153 810 3230 quaedam
867 3163 1162 3230 praecepta
1208 3156 1514 3230 corrigere,
1569 3161 1626 3210 et
1683 3164 1929 3230 mutare,
1941 3145 2104 3221 1⁴⁸9*-

252 3230 441 3291 donec
466 3231 539 3291 ad
562 3235 973 3310 perfectionem
994 3235 1247 3312 aliquam
1274 3235 1768 3312 producerentur:
1815 3239 1927 3313 igi·

251 3321 346 3371 tur
378 3313 532 3374 idem
559 3319 734 3374 etiam
769 3318 825 3374 in
856 3315 1119 3374 doctrina
1146 3317 1403 3391 politica,
1433 3315 1510 3374 ad
1547 3335 1724 3394 quam
1767 3320 1926 3396 leges

246 3395 487 3472 proprie
512 3399 824 3472 pertinent,
843 3398 979 3454 licet
995 3416 1099 3474 pro
1117 3400 1339 3455 ratione
1359 3401 1928 3458 circumstantiarum

246 3473 459 3534 facere.
546 3476 661 3535 Sed
702 3477 1052 3537 antecedens
1096 3497 1298 3536 verum
1343 3499 1464 3538 esse
1511 3488 1751 3538 testatur
1798 3482 1926 3557 ipsa

245 3560 645 3636 experientiaz
686 3557 846 3640 quud
888 3561 1165 3620 nimirum
1209 3570 1377 3622 artes,
1399 3571 1470 3626 et
1506 3563 1765 3622 scientiae
1805 3579 1926 3624 non
