2517 4100
664 250 781 305 338
1142 237 1844 303 OECONOM100RUM

660 405 805 485 quid
830 410 1074 487 quisque
1101 414 1322 469 emeret
1347 406 1828 483 perscribebatur:
1903 404 2200 465 Persoluto
2227 420 2336 465 au·-

655 496 776 547 tem
800 492 991 567 pretio
1018 490 1213 550 referri
1241 487 1316 567 ad
1337 509 1394 547 se
1426 491 1664 548 utensile
1679 490 1871 563 jussit,
1895 488 2054 567 quod
2072 489 2331 557 emisset,

650 588 1150 653 unumquemque.
1234 572 1520 649 Syracusii
1569 582 1806 649 propter
1850 572 2056 631 crebra
2107 572 2333 631 tributa

652 644 950 713 desierant
990 654 1241 733 pecudes
1283 654 1451 712 alere.
1531 652 1623 713 Ibi
1667 653 1986 731 Dionysius
2033 654 2168 713 satis
2215 652 2336 713 sibi

653 738 931 813 collatum
977 754 1096 795 esse
1144 736 1450 794 affirmavit
1488 732 1563 793 ad
1605 745 1832 795 tantum
1876 754 2064 805 usum,
2107 737 2330 815 quique

650 819 897 895 posthac
918 826 1217 895 parassent
1238 814 1510 895 pecudes,
1533 836 1628 874 eos
1650 818 1774 875 fore
1803 820 2105 877 immunes.
2173 818 2332 874 Cum

651 898 786 957 vero*
827 902 997 957 multi
1040 901 1251 959 multas
1291 896 1556 975 pecudes¹
1588 901 1971 969 immunitatis
1997 918 2095 977 spe
2121 917 2325 975 paras-

582 1018 585 1021 ·
649 986 794 1051 se‘nt,
822 991 1027 1040 nactus
1070 983 1570 1060 opportunitatem
1611 981 1753 1058 quid
1791 984 2032 1059 quisque
2059 981 2324 1051 haberet,

649 1065 927 1122 aestimari
964 1066 1138 1139 jussit
1185 1074 1246 1124 et
1293 1066 1632 1140 pensionem
1682 1064 1976 1141 imposuit.
2061 1063 2150 1123 Ibi
2189 1072 2322 1120 tum

648 1145 943 1223 Syracusii
987 1144 1137 1223 aegre
1181 1144 1428 1205 ferentes
1474 1165 1532 1203 se
1579 1166 1702 1217 esse
1744 1146 2032 1223 deceptos,
2069 1144 2327 1225 pecudes

638 1225 911 1304 jugulare
936 1238 997 1287 et
1020 1227 1287 1289 vendere.
1370 1228 1522 1287 Cum
1555 1238 1754 1290 autem
1778 1226 1982 1287 adhoec
2008 1229 2325 1305 Dionysius

649 1307 846 1370 edicto
873 1306 1185 1371 definiisset
1200 1310 1658 1389 jugulandarum
1680 1310 1864 1371 indies
1891 1310 2181 1388 pecudum
2211 1329 2325 1367 nu-

648 1408 897 1463 merum,
932 1392 1018 1452 illi
1043 1402 1368 1453 mactantes
1393 1394 1734 1453 sacrificare.
1814 1392 1982 1453 Tunc
2009 1392 2327 1470 Dionysius

648 1478 835 1534 vetuit
888 1480 1133 1535 mactari
1188 1474 1475 1554 pecudem
1527 1476 1848 1536 foeminam.
1949 1478 2198 1535 Rursum
2263 1476 2329 1532 in
2425 1470 2442 1491 '

644 1560 917 1635 pecuniae
945 1559 1149 1635 inopia
1174 1558 1526 1636 professione
1555 1558 1712 1639 apud
1739 1578 1856 1617 sese
1886 1558 2135 1617 describi
2153 1557 2330 1631 jussit

643 1643 930 1713 pecunias
981 1638 1332 1701 familiarum
1381 1658 1744 1720 quaecunque
1784 1650 1974 1699 essent
2011 1638 2170 1699 orbae
2213 1656 2325 1715 pa-

644 1721 941 1779 rentibus:
988 1742 1105 1799 quo
1144 1724 1298 1782 facto
1341 1725 1463 1801 ipse
1503 1726 1766 1801 pecuniis
1803 1723 1918 1781 illis
1951 1722 2159 1779 abusus
2187 1719 2326 1788 fuit,

646 1802 843 1877 quoad
870 1803 1099 1861 illorum
1128 1806 1374 1882 quisque
1411 1804 1487 1863 ad
1514 1806 1830 1882 legitimam
1871 1802 2136 1881 pervenit
2175 1812 2326 1858 aeta-

645 1892 790 1943 tem.
878 1884 1105 1963 Rhegio
1145 1894 1449 1964 occupato,
1491 1883 1770 1945 advocata
1809 1885 2089 1943 concione
2131 1880 2319 1961 dixitt

648 1966 808 2043 quod
833 1965 1083 2045 diripere
1124 1968 1334 2027 urbem
1370 1971 1623 2046 ipsorum
1648 1969 1781 2042 jure
1811 1975 2021 2046 posset,
2049 1962 2147 2023 sed
2176 1964 2322 2022 velle

648 2067 709 2106 se
738 2052 784 2106 si
828 2048 1005 2108 modo
1034 2050 1257 2110 auferat
1285 2054 1577 2130 impensas
1608 2051 1789 2108 factas
1828 2053 1887 2108 iu
1933 2048 1992 2108 id
2017 2048 2234 2107 bellum
2259 2057 2322 2105 et

644 2147 759 2206 pro
785 2132 1027 2208 singulis
1053 2135 1345 2213 capitibus
1372 2145 1485 2193 tres
1519 2134 1708 2192 minas
1743 2130 2084 2191 eos-missos
2116 2131 2323 2189 facere.

644 2209 817 2271 Tunc
870 2214 1095 2292 Rhegio
1144 2215 1426 2295 quicquid
1473 2217 1916 2282 occultaverant,
1960 2214 2324 2292 protulerunt

648 2293 712 2350 in
742 2307 1117 2371 conspectum
1141 2319 1156 2357 ε
1203 2308 1264 2355 et
1289 2314 1423 2354 cum
1449 2298 1615 2370 egeni
1645 2314 1880 2370 quoque
1910 2297 2216 2372 pecuniam
2243 2294 2323 2350 ab

652 2375 1195 2451 opulentioribus-et
1212 2378 1462 2442 externis
1489 2376 1842 2438 sums-issent,
1867 2379 1948 2433 ita
1967 2377 2129 2434 illam
2160 2393 2324 2433 sum-

649 2473 813 2513 mam
830 2459 1245 2533 persolverunt.
1327 2453 1412 2532 At
1437 2450 1752 2526 Dionysius
1781 2453 1900 2508 hac
1939 2463 2196 2530 accepta,
2225 2459 2328 2514 ni-

648 2535 968 2597 hilominus
1008 2550 1068 2594 et
1106 2552 1306 2593 omnes
1344 2531 1452 2590 sub
1486 2550 1705 2590 corona
1729 2532 2010 2601 vendidit,
2041 2545 2102 2592 et
2128 2535 2327 2613 supel-

646 2619 919 2692 lectilem,
942 2635 1115 2696 quam
1142 2615 1496 2674 occultatam
1517 2615 1898 2693 protulerant,
1924 2616 2158 2675 abstulit
2183 2620 2321 2677 uni-

642 2719 888 2761 versam.

732 2779 944 2842 Mutuo
971 2791 1293 2859 sumpserat
1319 2784 1633 2861 pecuniam
1661 2779 1696 2838 a
1727 2781 1947 2839 civibus
1981 2801 2157 2859 quam
2185 2779 2319 2842 red-

647 2862 829 2933 deret,
860 2883 1109 2941 cumque
1139 2865 1221 2924 illi
1263 2877 1595 2944 repeterent
1623 2866 1796 2938 jussit
1823 2863 1898 2928 ad
1924 2884 1983 2921 se
2011 2863 2200 2923 afferri
2226 2885 2320 2924 ar-

647 2958 889 3022 gentum
916 2959 1203 3031 quantum
1233 2946 1554 3025 possideret
1579 2947 1992 3023 unusquisque,
2017 2950 2320 3026 proposita

646 3047 827 3106 poena
868 3033 1089 3101 mortis,
1119 3033 1232 3089 nisi
1265 3031 1541 3089 facerent.
1623 3029 1816 3090 Allato
1854 3039 2046 3087 autem
2077 3039 2318 3106 argento

646 3115 930 3187 percussit
959 3132 1221 3177 numum,
1251 3114 1333 3168 ita
1371 3120 1431 3169 ut
1461 3111 1728 3170 denarius
1765 3130 1914 3169 unus
1941 3114 2319 3171 ae'stimaretur

648 3191 891 3261 duobus»,
919 3215 1103 3269 eoque
1143 3192 1297 3271 quod
1330 3191 1667 3261 debebatur,
1698 3193 1968 3271 quodque
2003 3194 2319 3252 attulerant

646 3272 722 3330 ad
761 3291 838 3341 se,
866 3277 1159 3349 persolvit.
1246 3275 1396 3344 Cum
1441 3276 1683 3333 navibus
1709 3285 1943 3333 centum
1976 3278 2032 3334 in
2062 3275 2318 3352 Tyrrhe-

637 3356 803 3412 ·niam
856 3359 1177 3431 navigasset
1226 3355 1461 3415 abstulit
1501 3377 1575 3416 ex
1619 3357 1756 3414 fano
1802 3358 2146 3416 Leucotheae
2189 3359 2316 3416 auri

644 3439 938 3516 argentive
978 3440 1294 3517 plurimum
1331 3449 1392 3496 et
1428 3459 1546 3496 non
1587 3457 1794 3515 parum
1836 3451 2312 3522 ornamentorum

639 3528 1001 3580 coeterorum.
1084 3521 1256 3584 Quod
1295 3540 1409 3580 non
1454 3520 1680 3597 fugeret
1720 3529 1912 3582 autem
1955 3523 2165 3601 ipsum,
2204 3521 2310 3580 ha-
