2517 4100
316 1449 382 1506 Οἵ
403 1443 451 1503 ’a
477 1469 548 1520 μη

317 1525 571 1600 &raperet

315 1603 590 1664 κυδωνίου,

310 1682 548 1764 ανὲςιιός.

623 303 740 358 276
1179 291 1732 356 POerIcoRtJM

724 464 860 528 Quae
885 471 964 516 est
989 459 1092 518 boc
1115 460 1236 518 loco
1262 459 1507 518 notanda
1524 463 1783 518 virtutum
1807 458 2089 516 dictitanti>
2112 459 2141 512 Ρ

701 543 960 602 Virtutes
981 549 1114 600 sunt
1133 541 1393 620 duplices
1418 540 1687 618 quaedam
1716 549 1851 600 sunt
1870 565 1959 606 vm
1984 549 2183 615 σχολῆς
2206 559 2309 594 m

619 649 818 704 signnm,
844 625 946 683 otii
973 633 1032 682 et
1058 627 1218 700 pacis
1240 644 1255 682 ε
1303 613 1573 700 quaeda‘m
1598 649 1686 688 της
1714 635 1975 698 saxum
2004 644 2093 676 και
2128 632 2311 676 σολε-

618 729 711 780 μυ,
733 708 947 782 negotii
969 716 1030 764 et
1047 705 1203 766 belli.
1288 706 1454 764 Pacis
1482 708 1714 764 virtutes
1728 704 2020 768 dicuntur,
2042 717 2311 778 quarum

619 781 880 848 actiones
903 799 965 846 et
991 807 1124 846 usus
1151 785 1403 847 maxime
1430 790 1489 846 in
1525 806 1671 864 pace
1714 786 2149 862 conspiciuntur
2174 800 2192 839 z
2241 793 2311 838 et

619 869 698 930 ad
731 889 876 948 quas
899 869 1246 929 excolendas
1282 881 1343 928 ct
1380 869 1733 930 exercendas
1758 871 1941 928 otium
1970 876 2031 926 et
2053 883 2173 944 pax
2201 881 2305 920 re-

619 954 903 1031 quiritur:
947 952 1122 1011 veluti
1166 963 1303 1012 sunt
1344 953 1776 1030 Temperantia,
1818 950 2071 1018 Justitia,
2118 945 2305 1007 Libe-

617 1035 828 1102 ralitas,
861 1033 1172 1106 Modestia,
1205 1036 1457 1103 Veritas,
1484 1046 1544 1093 et
1572 1037 1859 1113 pleraeque
1899 1032 2029 1090 alioe
2057 1031 2305 1088 virtutes

617 1118 883 1176 morales.
983 1117 1312 1196 Praepterea
1358 1120 1593 1176 virtutes
1662 1112 2091 1180 intellectuales,
2148 1128 2307 1188 quas

616 1199 953 1258 Aristoteles
995 1199 1105 1258 boc
1147 1202 1277 1260 loco
1316 1201 1589 1277 intelligit
1636 1219 1741 1278 per
1768 1196 2109 1256 vocabulum
2151 1193 2300 1253 Phi·

619 1281 900 1360 losophia.

980 1363 1114 1428 Quoe
1139 1366 1395 1424 dicuntur
1416 1384 1524 1424 esse
1548 1364 1774 1424 virtutes
1798 1362 1927 1422 belli
1942 1365 1969 1417 ἓ

712 1447 972 1507 Quarum
1023 1451 1283 1507 actiones
1340 1445 1591 1506 maxime
1643 1447 1787 1505 belli
1844 1455 2108 1520 tempore
2160 1447 2307 1498 sunt

625 1532 958 1606 conspicuae
985 1540 1046 1588 et
1070 1534 1442 1589 necessarius:
1484 1530 1657 1588 veluti
1698 1530 1757 1586 in
1794 1522 2162 1586 defendenda
2188 1541 2307 1599 pa—

623 1612 752 1675 tria,
781 1611 1070 1685 religione,
1097 1611 1396 1670 libertate:
1444 1608 1947 1685 iri-propulsandis
1988 1605 2301 1666 hostibus:

619 1692 680 1747 in
720 1690 1132 1768 amplificando
1176 1693 1455 1767 imperio:
1512 1687 1835 1764 cujusmodi
1894 1696 2045 1752 sunt,
2100 1687 2307 1744 Forti-

613 1769 798 1838 tudo„
827 1773 1029 1830 Animi
1091 1771 1451 1848 magnitudo,
1507 1771 1863 1839 Constantia,
1934 1769 2309 1838 Tolerantia,

614 1853 1040 1913 Perseverantia
1081 1855 1144 1912 in
1183 1853 1537 1931 perferendis
1562 1851 1879 1918 laboribus,
1910 1849 2213 1908 doloribus
2244 1861 2307 1908 et

565 1975 572 1984 ·
614 1938 905 2016 periculis,
957 1935 1294 2006 honestatis,
1342 1944 1403 1994 et
1456 1934 1703 2013 publicae
1766 1935 2029 2002 utilitatis
2091 1931 2303 2011 gratia..

614 2032 778 2081 xmo
823 2045 927 2099 yae
975 2042 1062 2082 ‘rm
1110 2043 1417 2100 σιςοιμιαυ,
1464 2043 1497 2077 ε
1550 2030 1725 2094 σχολῇ
1782 2013 1960 2089 δηλοις·
2024 2015 2181 2073 Nam
2232 2024 2302 2073 ut

613 2113 703 2160 est
732 2105 792 2161 in
814 2100 1153 2179 proverbio:
1201 2102 1423 2159 nullum
1454 2102 1637 2159 otium
1665 2101 1860 2169 servis,
1887 2099 1985 2175 qui
2014 2094 2145 2155 vero
2172 2116 2297 2157 non

613 2193 855 2259 possunt
875 2182 1100 2241 fortiter
1125 2182 1383 2259 pericula
1428 2184 1637 2249 subire,
1678 2183 1822 2239 servi
1854 2190 1987 2239 sunt
2012 2178 2295 2239 invaden-

612 2268 780 2322 tium.

1268 2348 1649 2403 onsaavsrro.

694 2424 1035 2502 Notandum
1077 2434 1166 2485 est
1217 2426 1331 2485 hoc
1376 2427 1527 2495 loco,
1570 2429 1705 2485 istas
1750 2429 1987 2487 virtutes
2031 2428 2188 2505 pacis
2226 2437 2291 2486 et

609 2508 753 2571 belli
805 2510 1134 2569 nominari:
1199 2506 1321 2567 non
1363 2506 1519 2587 quod
1561 2510 1761 2570 nullus
1798 2528 1999 2571 earum
2041 2528 2169 2567 usus
2212 2513 2289 2569 sit

613 2592 740 2651 aliis
766 2592 1166 2670 temporibus:
1211 2589 1312 2649 sed
1350 2590 1509 2669 quod
1535 2612 1734 2651 earum
1760 2595 1844 2651 vis
1880 2602 1940 2651 et
1982 2592 2289 2651 necessitas

611 2673 864 2735 maxime
905 2675 1021 2736 illis
1055 2676 1416 2752 temporibus
1454 2685 1545 2735 est
1588 2676 1923 2753 conspicua.
2004 2674 2287 2750 Alioquin

612 2759 790 2817 etiam
828 2759 990 2836 pacis
1034 2766 1299 2836 tempore
1332 2759 1641 2837 requiritur
1684 2756 1959 2817 fortitudo
2001 2764 2062 2813 et
2103 2757 2285 2813 animi

611 2839 957 2918 magnitudo
983 2849 1157 2918 atque
1176 2842 1513 2913 *constantia
1540 2842 1597 2899 in
1628 2839 2118 2899 administratione
2146 2837 2283 2897 Rei-

597 2920 755 2997 pub.
784 2922 1018 3000 quando
1043 2924 1133 2982 vel
1179 2922 1252 2981 de
1291 2924 1539 3000 publicis
1580 2923 1821 3001 negotiis
1844 2931 1931 2980 est
1956 2919 2282 2979 deliberan-

614 3002 774 3072 dum,
815 3012 917 3062 aut
955 3003 1030 3063 de
1071 3005 1342 3064 civilibus·
1372 3006 1765 3063 controversiis
1800 3000 2185 3077 judicandum
2224 3012 2283 3061 et

610 3086 1138 3161 pronunciandum.
1199 3088 1293 3145 Sic
1310 3088 1487 3145 etiam
1519 3088 1579 3143 in
1598 3086 1753 3145 bello
1768 3104 1915 3163 opus
1940 3085 2279 3159 estjustitia.

609 3167 768 3225 Nam
791 3166 1013 3227 bellum
1041 3167 1199 3245 quod
1225 3166 1429 3241 injuste
1478 3176 1565 3227 est
1602 3179 1948 3248 susceptum,
1976 3186 2277 3251 nunquam

607 3257 798 3326 potest
839 3250 1086 3308 feliciter
1139 3249 1548 3311 administrari.
1627 3251 2068 3311 Eodem·modo
2102 3254 2277 3311 etiam

608 3334 994 3410 temperantia
1029 3333 1090 3390 in
1135 3332 1292 3393 bello
1332 3344 1434 3391 cst‘
1460 3336 1826 3403 necessarias
1838 3356 1959 3395 non
2000 3334 2187 3395 solum
2216 3336 2275 3395 in

609 3412 1225 3486 defectucommeatus,
1243 3424 1305 3475 et
1320 3416 1565 3477 aliarum
1582 3436 1773 3477 rerum
1792 3420 2239 3484 necessariarum
2253 3438 2269 3477 ι

606 3495 803 3641 ἷῗιὲω
828 3500 1004 3569 etiam
1029 3519 1104 3561 ne
1143 3501 1385 3586 victores
1414 3499 1725 3565 abutantur
1746 3499 2088 3565 ‘victoria‘ad
2112 3518 2274 3561 suam

631 3596 648 3637 ι
693 3602 710 3641 ι
757 3602 929 3646 inem.
