2517 4100
662 710 1204 827 LECTORI
1266 742 1876 832 xPOLITICO

931 958 934 961 ’
1037 942 1563 1030 SALUTEM.

1135 1204 1240 1232 ἠν,
1249 1207 1418 1237 ων»

450 1384 1078 1479 SAPIENTER.
1147 1421 1243 1491 ut¹
1294 1409 1553 1489 munia,
1611 1409 1925 1501 Peripati
1987 1409 2117 1485 At·

453 1521 809 1594 chitectus
861 1516 1283 1592 Aristoteles
1335 1526 1665 1593 σπονδαῖσιν
1727 1528 1844 1607 τῆς
1899 1526 2127 1609 ψυχῆς

455 1641 726 1709 διάθεσιν
787 1638 1222 1731 παράδειγμα
1254 1642 1579 1717 πολιτείοις
1645 1641 1917 1725 οἶγαῦἥς,
1987 1638 2126 1711 hoc

456 1760 583 1845 est,
653 1752 964 1837 animum
1026 1740 1207 1826 bene
1273 1753 1748 1850 compositum
1812 1753 2125 1827 laudatae

458 1868 869 1966 reipublicae
929 1867 1339 1977 imaginem,
1393 1868 1806 1940 nominabat
1861 1873 1977 1944 lib.
2043 1873 2129 1941 de

475 1987 870 2058 Wrtutibus
910 1989 1038 2057 sub
1071 1986 1212 2076 fin.
1233 2014 1263 2072 ;
1322 1992 1404 2054 ut
1441 1982 1629 2056 enim
1677 1983 1752 2055 in
1787 1982 2125 2079 praeclare

467 2073 856 2181 constituta
894 2097 1282 2194 republica,
1321 2096 1863 2194 magistratuum
1916 2106 1987 2170 et
2026 2098 2128 2170 ci-

373 2193 392 2205 ἰ
463 2211 661 2286 vium
705 2213 1245 2310 officiorumque
1296 2213 1653 2286 omnium:
1714 2214 1817 2288 ita
1858 2213 1933 2285 in
1977 2211 2131 2285 ani-

447 2336 587 2420 ‘mo
619 2331 928 2424 partium
965 2353 1083 2403 seu
1114 2328 1566 2403 functionum
1602 2311 1876 2424 αἰρμόνίοι,
1905 2325 2131 2403 utrin-

471 2462 610 2538 que
675 2455 1049 2540 ταναςμονία
1112 2445 1514 2541 requiritur.
1630 2446 1901 2517 Ordine
1966 2468 2135 2539 pro-

467 2559 630 2631 inde
679 2560 1007 2654 apposito
1058 2583 1220 2632 cum
1258 2559 1545 2645 Ethica,
1587 2557 1911 2633 Politicae
1960 2559 2133 2630 doc-

470 2676 675 2748 trinae
723 2677 1056 2771 Epitome
1106 2679 1575 2758 connectitur,
1616 2699 1761 2744 non
1812 2676 1904 2743 ob
1947 2673 2129 2748 hanc

359 2815 364 2818 ·
477 2794 720 2862 saltem
755 2813 969 2884 quam
1005 2790 1480 2880 Philosophus
1518 2784 1843 2879 signabat
1875 2787 2134 2860 utrius-

479 2929 618 3000 que
676 2901 1257 2988 convenientiam,
1312 2897 1555 2972 verum
1615 2899 1807 2996 quod
1865 2908 1949 2973 ut
2011 2903 2135 2976 illa
2260 2917 2265 2921 “

490 3021 764 3105 Virum,
816 3018 952 3090 ista
1006 3018 1238 3090 Civem
1286 3014 1589 3089 reddere
1622 3016 1886 3087 bonum
1938 3016 2135 3116 insti-

477 3133 652 3206 tutis
711 3133 850 3206 suis
904 3132 994 3205 ad
1044 3132 1345 3204 laborat.
1453 3131 1755 3205 Accedit
1790 3130 1957 3228 jure
2007 3137 2137 3227 op-'

477 3249 656 3321 timo
693 3246 1166 3322 OEconomica
1197 3245 1573 3332 institutiO,
1609 3268 1769 3341 quae
1817 3271 1960 3325 non
2003 3247 2133 3317 mi-

359 3432 370 3438 -
479 3385 721 3436 norem
757 3387 1042 3461 operam
1076 3361 1151 3436 in
1184 3361 1554 3436 efficiendo
1589 3365 2132 3455 Patrqfamilias
2180 3403 2185 3406 -
2310 3420 2319 3430 x

482 3477 672 3552 bono
703 3475 1067 3592 impendit.
